%YAML 1.1
%TAG !u! tag:unity3d.com,2011:
--- !u!1 &101154
GameObject:
  m_ObjectHideFlags: 0
  m_PrefabParentObject: {fileID: 0}
  m_PrefabInternal: {fileID: 100100000}
  serializedVersion: 4
  m_Component:
  - 224: {fileID: 22401156}
  - 136: {fileID: 13601156}
  - 23: {fileID: 2301156}
  - 114: {fileID: 11401152}
  - 114: {fileID: 11401150}
  - 143: {fileID: 14301156}
  - 114: {fileID: 11401146}
  - 114: {fileID: 11401148}
  - 33: {fileID: 3301156}
  - 114: {fileID: 11401154}
  - 54: {fileID: 5401156}
  m_Layer: 0
  m_Name: 1st Person
  m_TagString: Player
  m_Icon: {fileID: 0}
  m_NavMeshLayer: 0
  m_StaticEditorFlags: 0
  m_IsActive: 1
--- !u!1 &101156
GameObject:
  m_ObjectHideFlags: 0
  m_PrefabParentObject: {fileID: 0}
  m_PrefabInternal: {fileID: 100100000}
  serializedVersion: 4
  m_Component:
  - 4: {fileID: 401156}
  - 20: {fileID: 2001156}
  - 124: {fileID: 12401156}
  - 92: {fileID: 9201156}
  - 81: {fileID: 8101156}
  - 114: {fileID: 11401156}
  m_Layer: 0
  m_Name: Camera
  m_TagString: MainCamera
  m_Icon: {fileID: 0}
  m_NavMeshLayer: 0
  m_StaticEditorFlags: 0
  m_IsActive: 1
--- !u!4 &401156
Transform:
  m_ObjectHideFlags: 1
  m_PrefabParentObject: {fileID: 0}
  m_PrefabInternal: {fileID: 100100000}
  m_GameObject: {fileID: 101156}
  m_LocalRotation: {x: 0, y: 0, z: 0, w: 1}
  m_LocalPosition: {x: 0, y: .49000001, z: .189999998}
  m_LocalScale: {x: 1, y: 1, z: 1}
  m_Children: []
  m_Father: {fileID: 22401156}
  m_RootOrder: 0
--- !u!20 &2001156
Camera:
  m_ObjectHideFlags: 1
  m_PrefabParentObject: {fileID: 0}
  m_PrefabInternal: {fileID: 100100000}
  m_GameObject: {fileID: 101156}
  m_Enabled: 1
  serializedVersion: 2
  m_ClearFlags: 1
  m_BackGroundColor: {r: .192156866, g: .301960796, b: .474509805, a: .0196078438}
  m_NormalizedViewPortRect:
    serializedVersion: 2
    x: 0
    y: 0
    width: 1
    height: 1
  near clip plane: .300000012
  far clip plane: 15
  field of view: 60
  orthographic: 0
  orthographic size: 5
  m_Depth: 0
  m_CullingMask:
    serializedVersion: 2
    m_Bits: 4294967295
  m_RenderingPath: -1
  m_TargetTexture: {fileID: 0}
  m_TargetDisplay: 0
  m_HDR: 0
  m_OcclusionCulling: 1
  m_StereoConvergence: 10
  m_StereoSeparation: .0219999999
--- !u!23 &2301156
Renderer:
  m_ObjectHideFlags: 1
  m_PrefabParentObject: {fileID: 0}
  m_PrefabInternal: {fileID: 100100000}
  m_GameObject: {fileID: 101154}
  m_Enabled: 1
  m_CastShadows: 1
  m_ReceiveShadows: 1
  m_LightmapIndex: 255
  m_LightmapTilingOffset: {x: 1, y: 1, z: 0, w: 0}
  m_Materials:
  - {fileID: 10302, guid: 0000000000000000f000000000000000, type: 0}
  m_SubsetIndices: 
  m_StaticBatchRoot: {fileID: 0}
  m_UseLightProbes: 0
  m_LightProbeAnchor: {fileID: 0}
  m_ScaleInLightmap: 1
  m_SortingLayerID: 0
  m_SortingOrder: 0
--- !u!33 &3301156
MeshFilter:
  m_ObjectHideFlags: 1
  m_PrefabParentObject: {fileID: 0}
  m_PrefabInternal: {fileID: 100100000}
  m_GameObject: {fileID: 101154}
  m_Mesh: {fileID: 10208, guid: 0000000000000000e000000000000000, type: 0}
--- !u!54 &5401156
Rigidbody:
  m_ObjectHideFlags: 1
  m_PrefabParentObject: {fileID: 0}
  m_PrefabInternal: {fileID: 100100000}
  m_GameObject: {fileID: 101154}
  serializedVersion: 2
  m_Mass: 1
  m_Drag: 0
  m_AngularDrag: 0
  m_UseGravity: 0
  m_IsKinematic: 0
  m_Interpolate: 0
  m_Constraints: 0
  m_CollisionDetection: 0
--- !u!81 &8101156
AudioListener:
  m_ObjectHideFlags: 1
  m_PrefabParentObject: {fileID: 0}
  m_PrefabInternal: {fileID: 100100000}
  m_GameObject: {fileID: 101156}
  m_Enabled: 1
--- !u!92 &9201156
Behaviour:
  m_ObjectHideFlags: 1
  m_PrefabParentObject: {fileID: 0}
  m_PrefabInternal: {fileID: 100100000}
  m_GameObject: {fileID: 101156}
  m_Enabled: 1
--- !u!114 &11401146
MonoBehaviour:
  m_ObjectHideFlags: 1
  m_PrefabParentObject: {fileID: 0}
  m_PrefabInternal: {fileID: 100100000}
  m_GameObject: {fileID: 101154}
  m_Enabled: 0
  m_EditorHideFlags: 0
  m_Script: {fileID: 11500000, guid: 0ab79d7f243824f5d9826bd83522c8df, type: 3}
  m_Name: 
  m_EditorClassIdentifier: 
  canControl: 1
  useFixedUpdate: 1
  movement:
    maxForwardSpeed: 10
    maxSidewaysSpeed: 10
    maxBackwardsSpeed: 10
    slopeSpeedMultiplier:
      serializedVersion: 2
      m_Curve:
      - time: -90
        value: 1
        inSlope: 0
        outSlope: 0
        tangentMode: 0
      - time: 0
        value: 1
        inSlope: 0
        outSlope: 0
        tangentMode: 0
      - time: 90
        value: 0
        inSlope: 0
        outSlope: 0
        tangentMode: 0
      m_PreInfinity: 2
      m_PostInfinity: 2
    maxGroundAcceleration: 30
    maxAirAcceleration: 20
    gravity: 0
    maxFallSpeed: 20
  jumping:
    enabled: 1
    baseHeight: 1
    extraHeight: 4.0999999
    perpAmount: 0
    steepPerpAmount: .5
  movingPlatform:
    enabled: 0
    movementTransfer: 2
  sliding:
    enabled: 0
    slidingSpeed: 15
    sidewaysControl: 1
    speedControl: .400000006
--- !u!114 &11401148
MonoBehaviour:
  m_ObjectHideFlags: 1
  m_PrefabParentObject: {fileID: 0}
  m_PrefabInternal: {fileID: 100100000}
  m_GameObject: {fileID: 101154}
  m_Enabled: 0
  m_EditorHideFlags: 0
  m_Script: {fileID: 11500000, guid: 60bca8f58a0b8478e946e6e86658cb29, type: 3}
  m_Name: 
  m_EditorClassIdentifier: 
--- !u!114 &11401150
MonoBehaviour:
  m_ObjectHideFlags: 1
  m_PrefabParentObject: {fileID: 0}
  m_PrefabInternal: {fileID: 100100000}
  m_GameObject: {fileID: 101154}
  m_Enabled: 1
  m_EditorHideFlags: 0
  m_Script: {fileID: 11500000, guid: 68ec2fe99d1108b9d0006a298d76c639, type: 3}
  m_Name: 
  m_EditorClassIdentifier: 
  axes: 1
  sensitivityX: 1
  sensitivityY: 1
  minimumX: -360
  maximumX: 360
  minimumY: -60
  maximumY: 60
--- !u!114 &11401152
MonoBehaviour:
  m_ObjectHideFlags: 1
  m_PrefabParentObject: {fileID: 0}
  m_PrefabInternal: {fileID: 100100000}
  m_GameObject: {fileID: 101154}
  m_Enabled: 1
  m_EditorHideFlags: 0
  m_Script: {fileID: 11500000, guid: 781fcbc16c3f38c4d8be5c83f04d7c3e, type: 3}
  m_Name: 
  m_EditorClassIdentifier: 
  IsGravity: 0
  IsInvertedLook: 0
  IsInvertedAxis: 0
  IsShake: 0
  IsDelay: 0
  isControls: 1
  DragonNInput: 2
  DragonInput: 2
  Speed: 100
  JumpStrength: 10
  Forwards: 119
  Backwards: 115
  Left: 97
  Right: 100
  PlayerCollider: {fileID: 0}
--- !u!114 &11401154
MonoBehaviour:
  m_ObjectHideFlags: 1
  m_PrefabParentObject: {fileID: 0}
  m_PrefabInternal: {fileID: 100100000}
  m_GameObject: {fileID: 101154}
  m_Enabled: 1
  m_EditorHideFlags: 0
  m_Script: {fileID: 11500000, guid: bf028ff5d47d31048a02861928947220, type: 3}
  m_Name: 
  m_EditorClassIdentifier: 
  player_state: {fileID: 11401152}
  Speed: 0
--- !u!114 &11401156
MonoBehaviour:
  m_ObjectHideFlags: 1
  m_PrefabParentObject: {fileID: 0}
  m_PrefabInternal: {fileID: 100100000}
  m_GameObject: {fileID: 101156}
  m_Enabled: 1
  m_EditorHideFlags: 0
  m_Script: {fileID: 11500000, guid: 68ec2fe99d1108b9d0006a298d76c639, type: 3}
  m_Name: 
  m_EditorClassIdentifier: 
  axes: 2
  sensitivityX: 1
  sensitivityY: 1
  minimumX: -360
  maximumX: 360
  minimumY: -60
  maximumY: 60
--- !u!124 &12401156
Behaviour:
  m_ObjectHideFlags: 1
  m_PrefabParentObject: {fileID: 0}
  m_PrefabInternal: {fileID: 100100000}
  m_GameObject: {fileID: 101156}
  m_Enabled: 1
--- !u!136 &13601156
CapsuleCollider:
  m_ObjectHideFlags: 1
  m_PrefabParentObject: {fileID: 0}
  m_PrefabInternal: {fileID: 100100000}
  m_GameObject: {fileID: 101154}
  m_Material: {fileID: 0}
  m_IsTrigger: 0
  m_Enabled: 1
  m_Radius: .5
  m_Height: 2
  m_Direction: 1
  m_Center: {x: 0, y: 0, z: 0}
--- !u!143 &14301156
CharacterController:
  m_ObjectHideFlags: 1
  m_PrefabParentObject: {fileID: 0}
  m_PrefabInternal: {fileID: 100100000}
  m_GameObject: {fileID: 101154}
  serializedVersion: 2
  m_Height: 2
  m_Radius: .500000119
  m_SlopeLimit: 45
  m_StepOffset: .300000012
  m_SkinWidth: .0799999982
  m_MinMoveDistance: 0
  m_Center: {x: 0, y: 0, z: 0}
--- !u!224 &22401156
RectTransform:
  m_ObjectHideFlags: 1
  m_PrefabParentObject: {fileID: 0}
  m_PrefabInternal: {fileID: 100100000}
  m_GameObject: {fileID: 101154}
  m_LocalRotation: {x: 0, y: 0, z: 0, w: 1}
  m_LocalPosition: {x: 0, y: 0, z: -.0500000007}
  m_LocalScale: {x: 1, y: 1, z: 1}
  m_Children:
  - {fileID: 401156}
  m_Father: {fileID: 0}
  m_RootOrder: 0
  m_AnchorMin: {x: .5, y: .5}
  m_AnchorMax: {x: .5, y: .5}
  m_AnchoredPosition: {x: -17.6100006, y: 10.8500004}
  m_SizeDelta: {x: 100, y: 100}
  m_Pivot: {x: .5, y: .5}
--- !u!1001 &100100000
Prefab:
  m_ObjectHideFlags: 1
  serializedVersion: 2
  m_Modification:
    m_TransformParent: {fileID: 0}
    m_Modifications: []
    m_RemovedComponents: []
  m_ParentPrefab: {fileID: 0}
  m_RootGameObject: {fileID: 101154}
  m_IsPrefabParent: 1
  m_IsExploded: 1
