%YAML 1.1
%TAG !u! tag:unity3d.com,2011:
--- !u!29 &1
SceneSettings:
  m_ObjectHideFlags: 0
  m_PVSData: 
  m_PVSObjectsArray: []
  m_PVSPortalsArray: []
  m_OcclusionBakeSettings:
    smallestOccluder: 5
    smallestHole: .25
    backfaceThreshold: 100
--- !u!104 &2
RenderSettings:
  m_Fog: 0
  m_FogColor: {r: .5, g: .5, b: .5, a: 1}
  m_FogMode: 3
  m_FogDensity: .00999999978
  m_LinearFogStart: 0
  m_LinearFogEnd: 300
  m_AmbientLight: {r: .200000003, g: .200000003, b: .200000003, a: 1}
  m_SkyboxMaterial: {fileID: 2100000, guid: a2126534b3a11b34e977105bd9e3cc03, type: 2}
  m_HaloStrength: .5
  m_FlareStrength: 1
  m_FlareFadeSpeed: 3
  m_HaloTexture: {fileID: 0}
  m_SpotCookie: {fileID: 0}
  m_ObjectHideFlags: 0
--- !u!127 &3
LevelGameManager:
  m_ObjectHideFlags: 0
--- !u!157 &4
LightmapSettings:
  m_ObjectHideFlags: 0
  m_LightProbes: {fileID: 0}
  m_Lightmaps: []
  m_LightmapsMode: 1
  m_BakedColorSpace: 0
  m_UseDualLightmapsInForward: 0
  m_LightmapEditorSettings:
    m_Resolution: 50
    m_LastUsedResolution: 0
    m_TextureWidth: 1024
    m_TextureHeight: 1024
    m_BounceBoost: 1
    m_BounceIntensity: 1
    m_SkyLightColor: {r: .860000014, g: .930000007, b: 1, a: 1}
    m_SkyLightIntensity: 0
    m_Quality: 0
    m_Bounces: 1
    m_FinalGatherRays: 1000
    m_FinalGatherContrastThreshold: .0500000007
    m_FinalGatherGradientThreshold: 0
    m_FinalGatherInterpolationPoints: 15
    m_AOAmount: 0
    m_AOMaxDistance: .100000001
    m_AOContrast: 1
    m_LODSurfaceMappingDistance: 1
    m_Padding: 0
    m_TextureCompression: 0
    m_LockAtlas: 0
--- !u!196 &5
NavMeshSettings:
  m_ObjectHideFlags: 0
  m_BuildSettings:
    agentRadius: .5
    agentHeight: 2
    agentSlope: 45
    agentClimb: .400000006
    ledgeDropHeight: 0
    maxJumpAcrossDistance: 0
    accuratePlacement: 0
    minRegionArea: 2
    widthInaccuracy: 16.666666
    heightInaccuracy: 10
  m_NavMesh: {fileID: 0}
--- !u!1 &72880600
GameObject:
  m_ObjectHideFlags: 0
  m_PrefabParentObject: {fileID: 0}
  m_PrefabInternal: {fileID: 0}
  serializedVersion: 4
  m_Component:
  - 4: {fileID: 72880605}
  - 33: {fileID: 72880604}
  - 23: {fileID: 72880603}
  - 65: {fileID: 72880602}
  - 114: {fileID: 72880601}
  m_Layer: 0
  m_Name: Plane
  m_TagString: Untagged
  m_Icon: {fileID: 0}
  m_NavMeshLayer: 0
  m_StaticEditorFlags: 0
  m_IsActive: 1
--- !u!114 &72880601
MonoBehaviour:
  m_ObjectHideFlags: 0
  m_PrefabParentObject: {fileID: 0}
  m_PrefabInternal: {fileID: 0}
  m_GameObject: {fileID: 72880600}
  m_Enabled: 1
  m_EditorHideFlags: 0
  m_Script: {fileID: 11500000, guid: 511dc8e7e1b245843aa470cbd3e8b8e8, type: 3}
  m_Name: 
  m_EditorClassIdentifier: 
--- !u!65 &72880602
BoxCollider:
  m_ObjectHideFlags: 0
  m_PrefabParentObject: {fileID: 0}
  m_PrefabInternal: {fileID: 0}
  m_GameObject: {fileID: 72880600}
  m_Material: {fileID: 0}
  m_IsTrigger: 1
  m_Enabled: 1
  serializedVersion: 2
  m_Size: {x: 10, y: 2.22044605e-16, z: 10}
  m_Center: {x: 0, y: 0, z: 0}
--- !u!23 &72880603
Renderer:
  m_ObjectHideFlags: 0
  m_PrefabParentObject: {fileID: 0}
  m_PrefabInternal: {fileID: 0}
  m_GameObject: {fileID: 72880600}
  m_Enabled: 0
  m_CastShadows: 1
  m_ReceiveShadows: 1
  m_LightmapIndex: 255
  m_LightmapTilingOffset: {x: 1, y: 1, z: 0, w: 0}
  m_Materials:
  - {fileID: 10302, guid: 0000000000000000f000000000000000, type: 0}
  m_SubsetIndices: 
  m_StaticBatchRoot: {fileID: 0}
  m_UseLightProbes: 0
  m_LightProbeAnchor: {fileID: 0}
  m_ScaleInLightmap: 1
  m_SortingLayerID: 0
  m_SortingOrder: 0
--- !u!33 &72880604
MeshFilter:
  m_ObjectHideFlags: 0
  m_PrefabParentObject: {fileID: 0}
  m_PrefabInternal: {fileID: 0}
  m_GameObject: {fileID: 72880600}
  m_Mesh: {fileID: 10209, guid: 0000000000000000e000000000000000, type: 0}
--- !u!4 &72880605
Transform:
  m_ObjectHideFlags: 0
  m_PrefabParentObject: {fileID: 0}
  m_PrefabInternal: {fileID: 0}
  m_GameObject: {fileID: 72880600}
  m_LocalRotation: {x: 0, y: 0, z: 0, w: 1}
  m_LocalPosition: {x: 4.80000019, y: -18.2999992, z: 11}
  m_LocalScale: {x: 10, y: 1, z: 10}
  m_Children: []
  m_Father: {fileID: 0}
  m_RootOrder: 12
--- !u!1001 &78079734
Prefab:
  m_ObjectHideFlags: 0
  serializedVersion: 2
  m_Modification:
    m_TransformParent: {fileID: 0}
    m_Modifications:
    - target: {fileID: 481502, guid: feac37e2445a10041b9850643ca65eed, type: 2}
      propertyPath: m_LocalPosition.x
      value: 4.31999969
      objectReference: {fileID: 0}
    - target: {fileID: 481502, guid: feac37e2445a10041b9850643ca65eed, type: 2}
      propertyPath: m_LocalPosition.y
      value: 2.38000107
      objectReference: {fileID: 0}
    - target: {fileID: 481502, guid: feac37e2445a10041b9850643ca65eed, type: 2}
      propertyPath: m_LocalPosition.z
      value: 3.83999991
      objectReference: {fileID: 0}
    - target: {fileID: 481502, guid: feac37e2445a10041b9850643ca65eed, type: 2}
      propertyPath: m_LocalRotation.x
      value: 0
      objectReference: {fileID: 0}
    - target: {fileID: 481502, guid: feac37e2445a10041b9850643ca65eed, type: 2}
      propertyPath: m_LocalRotation.y
      value: 0
      objectReference: {fileID: 0}
    - target: {fileID: 481502, guid: feac37e2445a10041b9850643ca65eed, type: 2}
      propertyPath: m_LocalRotation.z
      value: 0
      objectReference: {fileID: 0}
    - target: {fileID: 481502, guid: feac37e2445a10041b9850643ca65eed, type: 2}
      propertyPath: m_LocalRotation.w
      value: 1
      objectReference: {fileID: 0}
    - target: {fileID: 481502, guid: feac37e2445a10041b9850643ca65eed, type: 2}
      propertyPath: m_RootOrder
      value: 11
      objectReference: {fileID: 0}
    - target: {fileID: 22379152, guid: feac37e2445a10041b9850643ca65eed, type: 2}
      propertyPath: m_Camera
      value: 
      objectReference: {fileID: 1891079072}
    m_RemovedComponents: []
  m_ParentPrefab: {fileID: 100100000, guid: feac37e2445a10041b9850643ca65eed, type: 2}
  m_RootGameObject: {fileID: 838919428}
  m_IsPrefabParent: 0
  m_IsExploded: 1
--- !u!1 &78973851
GameObject:
  m_ObjectHideFlags: 0
  m_PrefabParentObject: {fileID: 0}
  m_PrefabInternal: {fileID: 0}
  serializedVersion: 4
  m_Component:
  - 4: {fileID: 78973853}
  - 108: {fileID: 78973852}
  m_Layer: 0
  m_Name: Directional light
  m_TagString: Untagged
  m_Icon: {fileID: 0}
  m_NavMeshLayer: 0
  m_StaticEditorFlags: 0
  m_IsActive: 1
--- !u!108 &78973852
Light:
  m_ObjectHideFlags: 0
  m_PrefabParentObject: {fileID: 0}
  m_PrefabInternal: {fileID: 0}
  m_GameObject: {fileID: 78973851}
  m_Enabled: 1
  serializedVersion: 3
  m_Type: 1
  m_Color: {r: 1, g: 1, b: 1, a: 1}
  m_Intensity: .5
  m_Range: 10
  m_SpotAngle: 30
  m_CookieSize: 10
  m_Shadows:
    m_Type: 0
    m_Resolution: -1
    m_Strength: 1
    m_Bias: .0500000007
    m_Softness: 4
    m_SoftnessFade: 1
  m_Cookie: {fileID: 0}
  m_DrawHalo: 0
  m_ActuallyLightmapped: 0
  m_Flare: {fileID: 0}
  m_RenderMode: 0
  m_CullingMask:
    serializedVersion: 2
    m_Bits: 4294967295
  m_Lightmapping: 1
  m_ShadowSamples: 1
  m_ShadowRadius: 0
  m_ShadowAngle: 0
  m_IndirectIntensity: 1
  m_AreaSize: {x: 1, y: 1}
--- !u!4 &78973853
Transform:
  m_ObjectHideFlags: 0
  m_PrefabParentObject: {fileID: 0}
  m_PrefabInternal: {fileID: 0}
  m_GameObject: {fileID: 78973851}
  m_LocalRotation: {x: .408217937, y: -.234569728, z: .109381661, w: .875426114}
  m_LocalPosition: {x: 12.8800001, y: 27.6499996, z: 4.78000021}
  m_LocalScale: {x: 1, y: 1, z: 1}
  m_Children: []
  m_Father: {fileID: 0}
  m_RootOrder: 5
--- !u!1 &126044389
GameObject:
  m_ObjectHideFlags: 0
  m_PrefabParentObject: {fileID: 138120, guid: 64aac92fdfeea884ca8fb8535b0581d9, type: 2}
  m_PrefabInternal: {fileID: 761859777}
  serializedVersion: 4
  m_Component:
  - 4: {fileID: 126044390}
  m_Layer: 0
  m_Name: DoorOpenAngle
  m_TagString: Untagged
  m_Icon: {fileID: 0}
  m_NavMeshLayer: 0
  m_StaticEditorFlags: 0
  m_IsActive: 1
--- !u!4 &126044390
Transform:
  m_ObjectHideFlags: 0
  m_PrefabParentObject: {fileID: 438120, guid: 64aac92fdfeea884ca8fb8535b0581d9, type: 2}
  m_PrefabInternal: {fileID: 761859777}
  m_GameObject: {fileID: 126044389}
  m_LocalRotation: {x: 0, y: 0, z: .866025448, w: .49999997}
  m_LocalPosition: {x: .119999997, y: 0, z: -0}
  m_LocalScale: {x: 1, y: 1, z: 1}
  m_Children: []
  m_Father: {fileID: 0}
  m_RootOrder: 6
--- !u!1001 &212909742
Prefab:
  m_ObjectHideFlags: 0
  serializedVersion: 2
  m_Modification:
    m_TransformParent: {fileID: 0}
    m_Modifications:
    - target: {fileID: 491064, guid: d8a1e4ce93fdf3643a10a6a19ab8f606, type: 2}
      propertyPath: m_LocalPosition.x
      value: -17.1100006
      objectReference: {fileID: 0}
    - target: {fileID: 491064, guid: d8a1e4ce93fdf3643a10a6a19ab8f606, type: 2}
      propertyPath: m_LocalPosition.y
      value: .0599999987
      objectReference: {fileID: 0}
    - target: {fileID: 491064, guid: d8a1e4ce93fdf3643a10a6a19ab8f606, type: 2}
      propertyPath: m_LocalPosition.z
      value: -13.8000002
      objectReference: {fileID: 0}
    - target: {fileID: 491064, guid: d8a1e4ce93fdf3643a10a6a19ab8f606, type: 2}
      propertyPath: m_LocalRotation.x
      value: 3.09086232e-08
      objectReference: {fileID: 0}
    - target: {fileID: 491064, guid: d8a1e4ce93fdf3643a10a6a19ab8f606, type: 2}
      propertyPath: m_LocalRotation.y
      value: .707106829
      objectReference: {fileID: 0}
    - target: {fileID: 491064, guid: d8a1e4ce93fdf3643a10a6a19ab8f606, type: 2}
      propertyPath: m_LocalRotation.z
      value: .707106829
      objectReference: {fileID: 0}
    - target: {fileID: 491064, guid: d8a1e4ce93fdf3643a10a6a19ab8f606, type: 2}
      propertyPath: m_LocalRotation.w
      value: -3.09086232e-08
      objectReference: {fileID: 0}
    - target: {fileID: 491064, guid: d8a1e4ce93fdf3643a10a6a19ab8f606, type: 2}
      propertyPath: m_RootOrder
      value: 0
      objectReference: {fileID: 0}
    m_RemovedComponents: []
  m_ParentPrefab: {fileID: 100100000, guid: d8a1e4ce93fdf3643a10a6a19ab8f606, type: 2}
  m_RootGameObject: {fileID: 291800562}
  m_IsPrefabParent: 0
  m_IsExploded: 1
--- !u!1 &288575073
GameObject:
  m_ObjectHideFlags: 0
  m_PrefabParentObject: {fileID: 140084, guid: 303ed8a3f65dbd54189cf91823a86266, type: 2}
  m_PrefabInternal: {fileID: 0}
  serializedVersion: 4
  m_Component:
  - 4: {fileID: 288575077}
  - 33: {fileID: 288575076}
  - 23: {fileID: 288575075}
  - 95: {fileID: 288575074}
  - 65: {fileID: 288575078}
  m_Layer: 0
  m_Name: Window
  m_TagString: Untagged
  m_Icon: {fileID: 0}
  m_NavMeshLayer: 0
  m_StaticEditorFlags: 0
  m_IsActive: 1
--- !u!95 &288575074
Animator:
  serializedVersion: 3
  m_ObjectHideFlags: 0
  m_PrefabParentObject: {fileID: 9540082, guid: 303ed8a3f65dbd54189cf91823a86266,
    type: 2}
  m_PrefabInternal: {fileID: 0}
  m_GameObject: {fileID: 288575073}
  m_Enabled: 1
  m_Avatar: {fileID: 9000000, guid: 3f087d5c6e81ebc43947eb890acd8a71, type: 3}
  m_Controller: {fileID: 0}
  m_CullingMode: 0
  m_UpdateMode: 0
  m_ApplyRootMotion: 1
  m_HasTransformHierarchy: 1
  m_AllowConstantClipSamplingOptimization: 1
--- !u!23 &288575075
Renderer:
  m_ObjectHideFlags: 0
  m_PrefabParentObject: {fileID: 2340082, guid: 303ed8a3f65dbd54189cf91823a86266,
    type: 2}
  m_PrefabInternal: {fileID: 0}
  m_GameObject: {fileID: 288575073}
  m_Enabled: 1
  m_CastShadows: 1
  m_ReceiveShadows: 1
  m_LightmapIndex: 255
  m_LightmapTilingOffset: {x: 1, y: 1, z: 0, w: 0}
  m_Materials:
  - {fileID: 2100000, guid: 089f687ca36135742a719ce87f67ef35, type: 2}
  m_SubsetIndices: 
  m_StaticBatchRoot: {fileID: 0}
  m_UseLightProbes: 0
  m_LightProbeAnchor: {fileID: 0}
  m_ScaleInLightmap: 1
  m_SortingLayerID: 0
  m_SortingOrder: 0
--- !u!33 &288575076
MeshFilter:
  m_ObjectHideFlags: 0
  m_PrefabParentObject: {fileID: 3340082, guid: 303ed8a3f65dbd54189cf91823a86266,
    type: 2}
  m_PrefabInternal: {fileID: 0}
  m_GameObject: {fileID: 288575073}
  m_Mesh: {fileID: 4300002, guid: 3f087d5c6e81ebc43947eb890acd8a71, type: 3}
--- !u!4 &288575077
Transform:
  m_ObjectHideFlags: 0
  m_PrefabParentObject: {fileID: 440084, guid: 303ed8a3f65dbd54189cf91823a86266, type: 2}
  m_PrefabInternal: {fileID: 0}
  m_GameObject: {fileID: 288575073}
  m_LocalRotation: {x: -.707106829, y: 0, z: 0, w: .707106829}
  m_LocalPosition: {x: -13.0500002, y: 3.31999993, z: 13.25}
  m_LocalScale: {x: 1, y: 1, z: 1}
  m_Children: []
  m_Father: {fileID: 0}
  m_RootOrder: 8
--- !u!65 &288575078
BoxCollider:
  m_ObjectHideFlags: 0
  m_PrefabParentObject: {fileID: 0}
  m_PrefabInternal: {fileID: 0}
  m_GameObject: {fileID: 288575073}
  m_Material: {fileID: 0}
  m_IsTrigger: 0
  m_Enabled: 1
  serializedVersion: 2
  m_Size: {x: 2.19975996, y: .747139156, z: 2.33952951}
  m_Center: {x: 0, y: .376430601, z: -.0698845536}
--- !u!1 &291800562
GameObject:
  m_ObjectHideFlags: 0
  m_PrefabParentObject: {fileID: 191064, guid: d8a1e4ce93fdf3643a10a6a19ab8f606, type: 2}
  m_PrefabInternal: {fileID: 212909742}
  serializedVersion: 4
  m_Component:
  - 4: {fileID: 291800567}
  - 33: {fileID: 291800566}
  - 23: {fileID: 291800565}
  - 95: {fileID: 291800564}
  - 65: {fileID: 291800563}
  m_Layer: 0
  m_Name: bed
  m_TagString: Untagged
  m_Icon: {fileID: 0}
  m_NavMeshLayer: 0
  m_StaticEditorFlags: 0
  m_IsActive: 1
--- !u!65 &291800563
BoxCollider:
  m_ObjectHideFlags: 0
  m_PrefabParentObject: {fileID: 6591064, guid: d8a1e4ce93fdf3643a10a6a19ab8f606,
    type: 2}
  m_PrefabInternal: {fileID: 212909742}
  m_GameObject: {fileID: 291800562}
  m_Material: {fileID: 0}
  m_IsTrigger: 0
  m_Enabled: 1
  serializedVersion: 2
  m_Size: {x: .0795655623, y: .0396379828, z: .0399999991}
  m_Center: {x: -.0393595882, y: .0194609333, z: .00999999978}
--- !u!95 &291800564
Animator:
  serializedVersion: 3
  m_ObjectHideFlags: 0
  m_PrefabParentObject: {fileID: 9591064, guid: d8a1e4ce93fdf3643a10a6a19ab8f606,
    type: 2}
  m_PrefabInternal: {fileID: 212909742}
  m_GameObject: {fileID: 291800562}
  m_Enabled: 1
  m_Avatar: {fileID: 9000000, guid: 637b144a574a6c34d954f21f3c5ca684, type: 3}
  m_Controller: {fileID: 0}
  m_CullingMode: 0
  m_UpdateMode: 0
  m_ApplyRootMotion: 1
  m_HasTransformHierarchy: 1
  m_AllowConstantClipSamplingOptimization: 1
--- !u!23 &291800565
Renderer:
  m_ObjectHideFlags: 0
  m_PrefabParentObject: {fileID: 2391064, guid: d8a1e4ce93fdf3643a10a6a19ab8f606,
    type: 2}
  m_PrefabInternal: {fileID: 212909742}
  m_GameObject: {fileID: 291800562}
  m_Enabled: 1
  m_CastShadows: 1
  m_ReceiveShadows: 1
  m_LightmapIndex: 255
  m_LightmapTilingOffset: {x: 1, y: 1, z: 0, w: 0}
  m_Materials:
  - {fileID: 2100000, guid: 8f71063709297044e821c439cfd30749, type: 2}
  m_SubsetIndices: 
  m_StaticBatchRoot: {fileID: 0}
  m_UseLightProbes: 0
  m_LightProbeAnchor: {fileID: 0}
  m_ScaleInLightmap: 1
  m_SortingLayerID: 0
  m_SortingOrder: 0
--- !u!33 &291800566
MeshFilter:
  m_ObjectHideFlags: 0
  m_PrefabParentObject: {fileID: 3391064, guid: d8a1e4ce93fdf3643a10a6a19ab8f606,
    type: 2}
  m_PrefabInternal: {fileID: 212909742}
  m_GameObject: {fileID: 291800562}
  m_Mesh: {fileID: 4300000, guid: 637b144a574a6c34d954f21f3c5ca684, type: 3}
--- !u!4 &291800567
Transform:
  m_ObjectHideFlags: 0
  m_PrefabParentObject: {fileID: 491064, guid: d8a1e4ce93fdf3643a10a6a19ab8f606, type: 2}
  m_PrefabInternal: {fileID: 212909742}
  m_GameObject: {fileID: 291800562}
  m_LocalRotation: {x: 3.09086232e-08, y: .707106829, z: .707106829, w: -3.09086232e-08}
  m_LocalPosition: {x: -17.1100006, y: .0599999987, z: -13.8000002}
  m_LocalScale: {x: 80.5999985, y: 100, z: 20.2999992}
  m_Children:
  - {fileID: 1138949519}
  m_Father: {fileID: 0}
  m_RootOrder: 0
--- !u!1 &348446078
GameObject:
  m_ObjectHideFlags: 0
  m_PrefabParentObject: {fileID: 100000, guid: 9d4133d5d30b644bd87802a347eaccbe, type: 2}
  m_PrefabInternal: {fileID: 1803077723}
  serializedVersion: 4
  m_Component:
  - 4: {fileID: 348446079}
  - 33: {fileID: 348446081}
  - 23: {fileID: 348446080}
  m_Layer: 0
  m_Name: Graphics
  m_TagString: Untagged
  m_Icon: {fileID: 0}
  m_NavMeshLayer: 0
  m_StaticEditorFlags: 0
  m_IsActive: 1
--- !u!4 &348446079
Transform:
  m_ObjectHideFlags: 0
  m_PrefabParentObject: {fileID: 400000, guid: 9d4133d5d30b644bd87802a347eaccbe, type: 2}
  m_PrefabInternal: {fileID: 1803077723}
  m_GameObject: {fileID: 348446078}
  m_LocalRotation: {x: -0, y: 0, z: 0, w: 1}
  m_LocalPosition: {x: 0, y: 0, z: 0}
  m_LocalScale: {x: .400000006, y: .5, z: .400000006}
  m_Children: []
  m_Father: {fileID: 1049433890}
  m_RootOrder: 0
--- !u!23 &348446080
Renderer:
  m_ObjectHideFlags: 0
  m_PrefabParentObject: {fileID: 2300000, guid: 9d4133d5d30b644bd87802a347eaccbe,
    type: 2}
  m_PrefabInternal: {fileID: 1803077723}
  m_GameObject: {fileID: 348446078}
  m_Enabled: 1
  m_CastShadows: 0
  m_ReceiveShadows: 0
  m_LightmapIndex: 255
  m_LightmapTilingOffset: {x: 1, y: 1, z: 0, w: 0}
  m_Materials:
  - {fileID: 10302, guid: 0000000000000000f000000000000000, type: 0}
  m_SubsetIndices: 
  m_StaticBatchRoot: {fileID: 0}
  m_UseLightProbes: 0
  m_LightProbeAnchor: {fileID: 0}
  m_ScaleInLightmap: 1
  m_SortingLayerID: 0
  m_SortingOrder: 0
--- !u!33 &348446081
MeshFilter:
  m_ObjectHideFlags: 0
  m_PrefabParentObject: {fileID: 3300000, guid: 9d4133d5d30b644bd87802a347eaccbe,
    type: 2}
  m_PrefabInternal: {fileID: 1803077723}
  m_GameObject: {fileID: 348446078}
  m_Mesh: {fileID: 10205, guid: 0000000000000000e000000000000000, type: 0}
--- !u!1 &706476384
GameObject:
  m_ObjectHideFlags: 0
  m_PrefabParentObject: {fileID: 193154, guid: 4bd6dd13416c3d54db4e6e33db864be9, type: 2}
  m_PrefabInternal: {fileID: 818130097}
  serializedVersion: 4
  m_Component:
  - 4: {fileID: 706476385}
  - 33: {fileID: 706476390}
  - 23: {fileID: 706476389}
  - 95: {fileID: 706476388}
  - 65: {fileID: 706476387}
  - 114: {fileID: 706476386}
  m_Layer: 8
  m_Name: DoorFrame
  m_TagString: Untagged
  m_Icon: {fileID: 0}
  m_NavMeshLayer: 0
  m_StaticEditorFlags: 0
  m_IsActive: 1
--- !u!4 &706476385
Transform:
  m_ObjectHideFlags: 0
  m_PrefabParentObject: {fileID: 493154, guid: 4bd6dd13416c3d54db4e6e33db864be9, type: 2}
  m_PrefabInternal: {fileID: 818130097}
  m_GameObject: {fileID: 706476384}
  m_LocalRotation: {x: 3.09086232e-08, y: .707106829, z: .707106829, w: -3.09086232e-08}
  m_LocalPosition: {x: 17.6900005, y: .0599999987, z: 11.25}
  m_LocalScale: {x: 1, y: 1, z: 1}
  m_Children:
  - {fileID: 763918738}
  m_Father: {fileID: 0}
  m_RootOrder: 4
--- !u!114 &706476386
MonoBehaviour:
  m_ObjectHideFlags: 0
  m_PrefabParentObject: {fileID: 0}
  m_PrefabInternal: {fileID: 0}
  m_GameObject: {fileID: 706476384}
  m_Enabled: 1
  m_EditorHideFlags: 0
  m_Script: {fileID: 11500000, guid: dc95e5a9412eaf544b1abda82cf61f48, type: 3}
  m_Name: 
  m_EditorClassIdentifier: 
  nextLevel: LastScene
--- !u!65 &706476387
BoxCollider:
  m_ObjectHideFlags: 0
  m_PrefabParentObject: {fileID: 6528472, guid: 4bd6dd13416c3d54db4e6e33db864be9,
    type: 2}
  m_PrefabInternal: {fileID: 818130097}
  m_GameObject: {fileID: 706476384}
  m_Material: {fileID: 0}
  m_IsTrigger: 1
  m_Enabled: 1
  serializedVersion: 2
  m_Size: {x: .300000012, y: 2.98000002, z: 4.5}
  m_Center: {x: -.0199999996, y: -1.00000024, z: 2.25000048}
--- !u!95 &706476388
Animator:
  serializedVersion: 3
  m_ObjectHideFlags: 0
  m_PrefabParentObject: {fileID: 9593154, guid: 4bd6dd13416c3d54db4e6e33db864be9,
    type: 2}
  m_PrefabInternal: {fileID: 818130097}
  m_GameObject: {fileID: 706476384}
  m_Enabled: 1
  m_Avatar: {fileID: 9000000, guid: d01eeea7804886d4caa9fa1ef7f6e054, type: 3}
  m_Controller: {fileID: 0}
  m_CullingMode: 0
  m_UpdateMode: 0
  m_ApplyRootMotion: 1
  m_HasTransformHierarchy: 1
  m_AllowConstantClipSamplingOptimization: 1
--- !u!23 &706476389
Renderer:
  m_ObjectHideFlags: 0
  m_PrefabParentObject: {fileID: 2393154, guid: 4bd6dd13416c3d54db4e6e33db864be9,
    type: 2}
  m_PrefabInternal: {fileID: 818130097}
  m_GameObject: {fileID: 706476384}
  m_Enabled: 1
  m_CastShadows: 1
  m_ReceiveShadows: 1
  m_LightmapIndex: 255
  m_LightmapTilingOffset: {x: 1, y: 1, z: 0, w: 0}
  m_Materials:
  - {fileID: 2100000, guid: 3a0cf6da474bf24499cdd085d113ed9c, type: 2}
  m_SubsetIndices: 
  m_StaticBatchRoot: {fileID: 0}
  m_UseLightProbes: 0
  m_LightProbeAnchor: {fileID: 0}
  m_ScaleInLightmap: 1
  m_SortingLayerID: 0
  m_SortingOrder: 0
--- !u!33 &706476390
MeshFilter:
  m_ObjectHideFlags: 0
  m_PrefabParentObject: {fileID: 3393154, guid: 4bd6dd13416c3d54db4e6e33db864be9,
    type: 2}
  m_PrefabInternal: {fileID: 818130097}
  m_GameObject: {fileID: 706476384}
  m_Mesh: {fileID: 4300000, guid: d01eeea7804886d4caa9fa1ef7f6e054, type: 3}
--- !u!1001 &761859777
Prefab:
  m_ObjectHideFlags: 0
  serializedVersion: 2
  m_Modification:
    m_TransformParent: {fileID: 0}
    m_Modifications:
    - target: {fileID: 438120, guid: 64aac92fdfeea884ca8fb8535b0581d9, type: 2}
      propertyPath: m_LocalPosition.x
      value: .119999997
      objectReference: {fileID: 0}
    - target: {fileID: 438120, guid: 64aac92fdfeea884ca8fb8535b0581d9, type: 2}
      propertyPath: m_LocalPosition.y
      value: 0
      objectReference: {fileID: 0}
    - target: {fileID: 438120, guid: 64aac92fdfeea884ca8fb8535b0581d9, type: 2}
      propertyPath: m_LocalPosition.z
      value: -0
      objectReference: {fileID: 0}
    - target: {fileID: 438120, guid: 64aac92fdfeea884ca8fb8535b0581d9, type: 2}
      propertyPath: m_LocalRotation.x
      value: 0
      objectReference: {fileID: 0}
    - target: {fileID: 438120, guid: 64aac92fdfeea884ca8fb8535b0581d9, type: 2}
      propertyPath: m_LocalRotation.y
      value: 0
      objectReference: {fileID: 0}
    - target: {fileID: 438120, guid: 64aac92fdfeea884ca8fb8535b0581d9, type: 2}
      propertyPath: m_LocalRotation.z
      value: .866025448
      objectReference: {fileID: 0}
    - target: {fileID: 438120, guid: 64aac92fdfeea884ca8fb8535b0581d9, type: 2}
      propertyPath: m_LocalRotation.w
      value: .49999997
      objectReference: {fileID: 0}
    - target: {fileID: 438120, guid: 64aac92fdfeea884ca8fb8535b0581d9, type: 2}
      propertyPath: m_RootOrder
      value: 6
      objectReference: {fileID: 0}
    m_RemovedComponents: []
  m_ParentPrefab: {fileID: 100100000, guid: 64aac92fdfeea884ca8fb8535b0581d9, type: 2}
  m_RootGameObject: {fileID: 126044389}
  m_IsPrefabParent: 0
  m_IsExploded: 1
--- !u!1 &763918731
GameObject:
  m_ObjectHideFlags: 0
  m_PrefabParentObject: {fileID: 163430, guid: 4bd6dd13416c3d54db4e6e33db864be9, type: 2}
  m_PrefabInternal: {fileID: 818130097}
  serializedVersion: 4
  m_Component:
  - 4: {fileID: 763918738}
  - 33: {fileID: 763918737}
  - 23: {fileID: 763918736}
  - 95: {fileID: 763918735}
  - 114: {fileID: 763918734}
  - 135: {fileID: 763918733}
  m_Layer: 0
  m_Name: door
  m_TagString: Untagged
  m_Icon: {fileID: 0}
  m_NavMeshLayer: 0
  m_StaticEditorFlags: 0
  m_IsActive: 1
--- !u!135 &763918733
SphereCollider:
  m_ObjectHideFlags: 0
  m_PrefabParentObject: {fileID: 13563430, guid: 4bd6dd13416c3d54db4e6e33db864be9,
    type: 2}
  m_PrefabInternal: {fileID: 818130097}
  m_GameObject: {fileID: 763918731}
  m_Material: {fileID: 0}
  m_IsTrigger: 1
  m_Enabled: 1
  serializedVersion: 2
  m_Radius: 1.79999995
  m_Center: {x: -.109999999, y: -1.00000024, z: 2.20000005}
--- !u!114 &763918734
MonoBehaviour:
  m_ObjectHideFlags: 0
  m_PrefabParentObject: {fileID: 11463432, guid: 4bd6dd13416c3d54db4e6e33db864be9,
    type: 2}
  m_PrefabInternal: {fileID: 818130097}
  m_GameObject: {fileID: 763918731}
  m_Enabled: 1
  m_EditorHideFlags: 0
  m_Script: {fileID: 11500000, guid: f979d587231cd3e4d9850a6b7ba8d52c, type: 3}
  m_Name: 
  m_EditorClassIdentifier: 
  speed: 1
  openDoor: 0
  openDoorCount: 0
  target: -120
--- !u!95 &763918735
Animator:
  serializedVersion: 3
  m_ObjectHideFlags: 0
  m_PrefabParentObject: {fileID: 9563430, guid: 4bd6dd13416c3d54db4e6e33db864be9,
    type: 2}
  m_PrefabInternal: {fileID: 818130097}
  m_GameObject: {fileID: 763918731}
  m_Enabled: 1
  m_Avatar: {fileID: 9000000, guid: 26c52c67635f0984c9ddac728e4f4d79, type: 3}
  m_Controller: {fileID: 0}
  m_CullingMode: 0
  m_UpdateMode: 0
  m_ApplyRootMotion: 1
  m_HasTransformHierarchy: 1
  m_AllowConstantClipSamplingOptimization: 1
--- !u!23 &763918736
Renderer:
  m_ObjectHideFlags: 0
  m_PrefabParentObject: {fileID: 2363430, guid: 4bd6dd13416c3d54db4e6e33db864be9,
    type: 2}
  m_PrefabInternal: {fileID: 818130097}
  m_GameObject: {fileID: 763918731}
  m_Enabled: 1
  m_CastShadows: 1
  m_ReceiveShadows: 1
  m_LightmapIndex: 255
  m_LightmapTilingOffset: {x: 1, y: 1, z: 0, w: 0}
  m_Materials:
  - {fileID: 2100000, guid: b7e58bcfb974c2b4fac15b5ded5564fe, type: 2}
  m_SubsetIndices: 
  m_StaticBatchRoot: {fileID: 0}
  m_UseLightProbes: 0
  m_LightProbeAnchor: {fileID: 0}
  m_ScaleInLightmap: 1
  m_SortingLayerID: 0
  m_SortingOrder: 0
--- !u!33 &763918737
MeshFilter:
  m_ObjectHideFlags: 0
  m_PrefabParentObject: {fileID: 3363430, guid: 4bd6dd13416c3d54db4e6e33db864be9,
    type: 2}
  m_PrefabInternal: {fileID: 818130097}
  m_GameObject: {fileID: 763918731}
  m_Mesh: {fileID: 4300000, guid: 26c52c67635f0984c9ddac728e4f4d79, type: 3}
--- !u!4 &763918738
Transform:
  m_ObjectHideFlags: 0
  m_PrefabParentObject: {fileID: 463430, guid: 4bd6dd13416c3d54db4e6e33db864be9, type: 2}
  m_PrefabInternal: {fileID: 818130097}
  m_GameObject: {fileID: 763918731}
  m_LocalRotation: {x: 3.91895668e-07, y: 1.79388465e-07, z: 4.8849023e-07, w: -1}
  m_LocalPosition: {x: .119999997, y: .00600000005, z: -.0900000036}
  m_LocalScale: {x: 1, y: 1, z: 1}
  m_Children: []
  m_Father: {fileID: 706476385}
  m_RootOrder: 0
--- !u!1001 &818130097
Prefab:
  m_ObjectHideFlags: 0
  serializedVersion: 2
  m_Modification:
    m_TransformParent: {fileID: 0}
    m_Modifications:
    - target: {fileID: 493154, guid: 4bd6dd13416c3d54db4e6e33db864be9, type: 2}
      propertyPath: m_LocalPosition.x
      value: 17.6900005
      objectReference: {fileID: 0}
    - target: {fileID: 493154, guid: 4bd6dd13416c3d54db4e6e33db864be9, type: 2}
      propertyPath: m_LocalPosition.y
      value: .0599999987
      objectReference: {fileID: 0}
    - target: {fileID: 493154, guid: 4bd6dd13416c3d54db4e6e33db864be9, type: 2}
      propertyPath: m_LocalPosition.z
      value: 11.25
      objectReference: {fileID: 0}
    - target: {fileID: 493154, guid: 4bd6dd13416c3d54db4e6e33db864be9, type: 2}
      propertyPath: m_LocalRotation.x
      value: 3.09086232e-08
      objectReference: {fileID: 0}
    - target: {fileID: 493154, guid: 4bd6dd13416c3d54db4e6e33db864be9, type: 2}
      propertyPath: m_LocalRotation.y
      value: .707106829
      objectReference: {fileID: 0}
    - target: {fileID: 493154, guid: 4bd6dd13416c3d54db4e6e33db864be9, type: 2}
      propertyPath: m_LocalRotation.z
      value: .707106829
      objectReference: {fileID: 0}
    - target: {fileID: 493154, guid: 4bd6dd13416c3d54db4e6e33db864be9, type: 2}
      propertyPath: m_LocalRotation.w
      value: -3.09086232e-08
      objectReference: {fileID: 0}
    - target: {fileID: 493154, guid: 4bd6dd13416c3d54db4e6e33db864be9, type: 2}
      propertyPath: m_RootOrder
      value: 4
      objectReference: {fileID: 0}
    - target: {fileID: 11424190, guid: 4bd6dd13416c3d54db4e6e33db864be9, type: 2}
      propertyPath: nextLevel
      value: TheBedroom8
      objectReference: {fileID: 0}
    - target: {fileID: 6528472, guid: 4bd6dd13416c3d54db4e6e33db864be9, type: 2}
      propertyPath: m_Enabled
      value: 1
      objectReference: {fileID: 0}
    m_RemovedComponents:
    - {fileID: 11463430, guid: 4bd6dd13416c3d54db4e6e33db864be9, type: 2}
  m_ParentPrefab: {fileID: 100100000, guid: 4bd6dd13416c3d54db4e6e33db864be9, type: 2}
  m_RootGameObject: {fileID: 706476384}
  m_IsPrefabParent: 0
  m_IsExploded: 1
--- !u!1 &838919428
GameObject:
  m_ObjectHideFlags: 0
  m_PrefabParentObject: {fileID: 181502, guid: feac37e2445a10041b9850643ca65eed, type: 2}
  m_PrefabInternal: {fileID: 78079734}
  serializedVersion: 4
  m_Component:
  - 4: {fileID: 838919430}
  - 114: {fileID: 838919429}
  m_Layer: 0
  m_Name: GameManager
  m_TagString: Untagged
  m_Icon: {fileID: 0}
  m_NavMeshLayer: 0
  m_StaticEditorFlags: 0
  m_IsActive: 1
--- !u!114 &838919429
MonoBehaviour:
  m_ObjectHideFlags: 0
  m_PrefabParentObject: {fileID: 11481502, guid: feac37e2445a10041b9850643ca65eed,
    type: 2}
  m_PrefabInternal: {fileID: 78079734}
  m_GameObject: {fileID: 838919428}
  m_Enabled: 1
  m_EditorHideFlags: 0
  m_Script: {fileID: 11500000, guid: 040a2670f1d59d240864a9a85b0a5e83, type: 3}
  m_Name: 
  m_EditorClassIdentifier: 
  menu: {fileID: 0}
  isInMenu: 0
  initialTime: 0
--- !u!4 &838919430
Transform:
  m_ObjectHideFlags: 0
  m_PrefabParentObject: {fileID: 481502, guid: feac37e2445a10041b9850643ca65eed, type: 2}
  m_PrefabInternal: {fileID: 78079734}
  m_GameObject: {fileID: 838919428}
  m_LocalRotation: {x: 0, y: 0, z: 0, w: 1}
  m_LocalPosition: {x: 4.31999969, y: 2.38000107, z: 3.83999991}
  m_LocalScale: {x: 1, y: 1, z: 1}
  m_Children:
  - {fileID: 974710152}
  m_Father: {fileID: 0}
  m_RootOrder: 11
--- !u!1 &870160806
GameObject:
  m_ObjectHideFlags: 0
  m_PrefabParentObject: {fileID: 119132, guid: 489a85301efdbfd4099a6a50289f2d7f, type: 2}
  m_PrefabInternal: {fileID: 1787348509}
  serializedVersion: 4
  m_Component:
  - 224: {fileID: 870160807}
  - 136: {fileID: 870160816}
  - 23: {fileID: 870160815}
  - 114: {fileID: 870160814}
  - 114: {fileID: 870160813}
  - 33: {fileID: 870160812}
  - 114: {fileID: 870160811}
  - 54: {fileID: 870160810}
  - 114: {fileID: 870160809}
  m_Layer: 0
  m_Name: Capsule
  m_TagString: Player
  m_Icon: {fileID: 0}
  m_NavMeshLayer: 0
  m_StaticEditorFlags: 0
  m_IsActive: 1
--- !u!224 &870160807
RectTransform:
  m_ObjectHideFlags: 0
  m_PrefabParentObject: {fileID: 22419130, guid: 489a85301efdbfd4099a6a50289f2d7f,
    type: 2}
  m_PrefabInternal: {fileID: 1787348509}
  m_GameObject: {fileID: 870160806}
  m_LocalRotation: {x: .488317341, y: -.515667379, z: -.518453717, w: -.476276398}
  m_LocalPosition: {x: 0, y: 0, z: -11.6899996}
  m_LocalScale: {x: 1, y: 1.79999995, z: 1}
  m_Children:
  - {fileID: 1891079073}
  - {fileID: 2091374693}
  m_Father: {fileID: 0}
  m_RootOrder: 1
  m_AnchorMin: {x: .5, y: .5}
  m_AnchorMax: {x: .5, y: .5}
  m_AnchoredPosition: {x: -14.2600002, y: 1.85000002}
  m_SizeDelta: {x: 100, y: 100}
  m_Pivot: {x: .5, y: .5}
--- !u!114 &870160809
MonoBehaviour:
  m_ObjectHideFlags: 0
  m_PrefabParentObject: {fileID: 11418940, guid: 489a85301efdbfd4099a6a50289f2d7f,
    type: 2}
  m_PrefabInternal: {fileID: 1787348509}
  m_GameObject: {fileID: 870160806}
  m_Enabled: 1
  m_EditorHideFlags: 0
  m_Script: {fileID: 11500000, guid: f2dad13fce38cda43af04245d729581f, type: 3}
  m_Name: 
  m_EditorClassIdentifier: 
  from: {fileID: 486584, guid: b31fa1dd35861a246a00499f9d11a47d, type: 2}
  to: {fileID: 400016, guid: 406224c800943a54ea2b08e4494e0129, type: 2}
  speed: 1
  wake: 0
  mouseLook: {fileID: 0}
--- !u!54 &870160810
Rigidbody:
  m_ObjectHideFlags: 0
  m_PrefabParentObject: {fileID: 5419130, guid: 489a85301efdbfd4099a6a50289f2d7f,
    type: 2}
  m_PrefabInternal: {fileID: 1787348509}
  m_GameObject: {fileID: 870160806}
  serializedVersion: 2
  m_Mass: 1
  m_Drag: 0
  m_AngularDrag: 0
  m_UseGravity: 0
  m_IsKinematic: 0
  m_Interpolate: 0
  m_Constraints: 112
  m_CollisionDetection: 0
--- !u!114 &870160811
MonoBehaviour:
  m_ObjectHideFlags: 0
  m_PrefabParentObject: {fileID: 11419132, guid: 489a85301efdbfd4099a6a50289f2d7f,
    type: 2}
  m_PrefabInternal: {fileID: 1787348509}
  m_GameObject: {fileID: 870160806}
  m_Enabled: 1
  m_EditorHideFlags: 0
  m_Script: {fileID: 11500000, guid: bf028ff5d47d31048a02861928947220, type: 3}
  m_Name: 
  m_EditorClassIdentifier: 
  player_state: {fileID: 870160814}
  ShakeIntensity: 5
  LightingColor1: {r: 0, g: 0, b: 0, a: 0}
  LightingColor2: {r: 0, g: 0, b: 0, a: 0}
--- !u!33 &870160812
MeshFilter:
  m_ObjectHideFlags: 0
  m_PrefabParentObject: {fileID: 3319130, guid: 489a85301efdbfd4099a6a50289f2d7f,
    type: 2}
  m_PrefabInternal: {fileID: 1787348509}
  m_GameObject: {fileID: 870160806}
  m_Mesh: {fileID: 10208, guid: 0000000000000000e000000000000000, type: 0}
--- !u!114 &870160813
MonoBehaviour:
  m_ObjectHideFlags: 0
  m_PrefabParentObject: {fileID: 11419136, guid: 489a85301efdbfd4099a6a50289f2d7f,
    type: 2}
  m_PrefabInternal: {fileID: 1787348509}
  m_GameObject: {fileID: 870160806}
  m_Enabled: 1
  m_EditorHideFlags: 0
  m_Script: {fileID: 11500000, guid: 68ec2fe99d1108b9d0006a298d76c639, type: 3}
  m_Name: 
  m_EditorClassIdentifier: 
  axes: 1
  sensitivityX: 1
  sensitivityY: 1
  minimumX: -360
  maximumX: 360
  minimumY: -60
  maximumY: 60
--- !u!114 &870160814
MonoBehaviour:
  m_ObjectHideFlags: 0
  m_PrefabParentObject: {fileID: 11419134, guid: 489a85301efdbfd4099a6a50289f2d7f,
    type: 2}
  m_PrefabInternal: {fileID: 1787348509}
  m_GameObject: {fileID: 870160806}
  m_Enabled: 1
  m_EditorHideFlags: 0
  m_Script: {fileID: 11500000, guid: 781fcbc16c3f38c4d8be5c83f04d7c3e, type: 3}
  m_Name: 
  m_EditorClassIdentifier: 
  IsGravity: 0
  IsInvertedLook: 1
  IsInvertedAxis: 1
  IsShake: 1
  isControls: 1
  DragonNInput: 1.20000005
  DragonInput: 1
  Speed: 20
  JumpStrength: 250
  Forwards: 119
  Backwards: 115
  Left: 97
  Right: 100
  PlayerCollider: {fileID: 0}
  IsTechno: 0
--- !u!23 &870160815
Renderer:
  m_ObjectHideFlags: 0
  m_PrefabParentObject: {fileID: 2319130, guid: 489a85301efdbfd4099a6a50289f2d7f,
    type: 2}
  m_PrefabInternal: {fileID: 1787348509}
  m_GameObject: {fileID: 870160806}
  m_Enabled: 0
  m_CastShadows: 1
  m_ReceiveShadows: 1
  m_LightmapIndex: 255
  m_LightmapTilingOffset: {x: 1, y: 1, z: 0, w: 0}
  m_Materials:
  - {fileID: 2100000, guid: d767f712c39bcfb4eba103d8e2e3efe6, type: 2}
  m_SubsetIndices: 
  m_StaticBatchRoot: {fileID: 0}
  m_UseLightProbes: 0
  m_LightProbeAnchor: {fileID: 0}
  m_ScaleInLightmap: 1
  m_SortingLayerID: 0
  m_SortingOrder: 0
--- !u!136 &870160816
CapsuleCollider:
  m_ObjectHideFlags: 0
  m_PrefabParentObject: {fileID: 13619130, guid: 489a85301efdbfd4099a6a50289f2d7f,
    type: 2}
  m_PrefabInternal: {fileID: 1787348509}
  m_GameObject: {fileID: 870160806}
  m_Material: {fileID: 0}
  m_IsTrigger: 0
  m_Enabled: 1
  m_Radius: .5
  m_Height: 2
  m_Direction: 1
  m_Center: {x: 0, y: 0, z: 0}
--- !u!1001 &895511039
Prefab:
  m_ObjectHideFlags: 0
  serializedVersion: 2
  m_Modification:
    m_TransformParent: {fileID: 0}
    m_Modifications:
    - target: {fileID: 470142, guid: d720621183aeffa4387346a730f37672, type: 2}
      propertyPath: m_LocalPosition.x
      value: 0
      objectReference: {fileID: 0}
    - target: {fileID: 470142, guid: d720621183aeffa4387346a730f37672, type: 2}
      propertyPath: m_LocalPosition.y
      value: 0
      objectReference: {fileID: 0}
    - target: {fileID: 470142, guid: d720621183aeffa4387346a730f37672, type: 2}
      propertyPath: m_LocalPosition.z
      value: 0
      objectReference: {fileID: 0}
    - target: {fileID: 470142, guid: d720621183aeffa4387346a730f37672, type: 2}
      propertyPath: m_LocalRotation.x
      value: -.707106829
      objectReference: {fileID: 0}
    - target: {fileID: 470142, guid: d720621183aeffa4387346a730f37672, type: 2}
      propertyPath: m_LocalRotation.y
      value: 0
      objectReference: {fileID: 0}
    - target: {fileID: 470142, guid: d720621183aeffa4387346a730f37672, type: 2}
      propertyPath: m_LocalRotation.z
      value: -0
      objectReference: {fileID: 0}
    - target: {fileID: 470142, guid: d720621183aeffa4387346a730f37672, type: 2}
      propertyPath: m_LocalRotation.w
      value: .707106829
      objectReference: {fileID: 0}
    - target: {fileID: 470142, guid: d720621183aeffa4387346a730f37672, type: 2}
      propertyPath: m_RootOrder
      value: 3
      objectReference: {fileID: 0}
    - target: {fileID: 470142, guid: d720621183aeffa4387346a730f37672, type: 2}
      propertyPath: m_LocalScale.x
      value: 3
      objectReference: {fileID: 0}
    - target: {fileID: 470142, guid: d720621183aeffa4387346a730f37672, type: 2}
      propertyPath: m_LocalScale.y
      value: 3
      objectReference: {fileID: 0}
    m_RemovedComponents: []
  m_ParentPrefab: {fileID: 100100000, guid: d720621183aeffa4387346a730f37672, type: 2}
  m_RootGameObject: {fileID: 1893290925}
  m_IsPrefabParent: 0
  m_IsExploded: 1
--- !u!1 &974710151
GameObject:
  m_ObjectHideFlags: 0
  m_PrefabParentObject: {fileID: 179154, guid: feac37e2445a10041b9850643ca65eed, type: 2}
  m_PrefabInternal: {fileID: 78079734}
  serializedVersion: 4
  m_Component:
  - 224: {fileID: 974710152}
  - 223: {fileID: 974710155}
  - 114: {fileID: 974710154}
  - 114: {fileID: 974710153}
  m_Layer: 5
  m_Name: Canvas
  m_TagString: Untagged
  m_Icon: {fileID: 0}
  m_NavMeshLayer: 0
  m_StaticEditorFlags: 0
  m_IsActive: 0
--- !u!224 &974710152
RectTransform:
  m_ObjectHideFlags: 0
  m_PrefabParentObject: {fileID: 22479152, guid: feac37e2445a10041b9850643ca65eed,
    type: 2}
  m_PrefabInternal: {fileID: 78079734}
  m_GameObject: {fileID: 974710151}
  m_LocalRotation: {x: 0, y: 0, z: 0, w: 1}
  m_LocalPosition: {x: 0, y: 0, z: -3.83999991}
  m_LocalScale: {x: 0, y: 0, z: 0}
  m_Children:
  - {fileID: 1713469825}
  m_Father: {fileID: 838919430}
  m_RootOrder: 0
  m_AnchorMin: {x: 0, y: 0}
  m_AnchorMax: {x: 0, y: 0}
  m_AnchoredPosition: {x: -4.31999969, y: -2.38000107}
  m_SizeDelta: {x: 0, y: 0}
  m_Pivot: {x: 0, y: 0}
--- !u!114 &974710153
MonoBehaviour:
  m_ObjectHideFlags: 0
  m_PrefabParentObject: {fileID: 11479156, guid: feac37e2445a10041b9850643ca65eed,
    type: 2}
  m_PrefabInternal: {fileID: 78079734}
  m_GameObject: {fileID: 974710151}
  m_Enabled: 1
  m_EditorHideFlags: 0
  m_Script: {fileID: 1301386320, guid: f5f67c52d1564df4a8936ccd202a3bd8, type: 3}
  m_Name: 
  m_EditorClassIdentifier: 
  ignoreReversedGraphics: 1
  blockingObjects: 0
  m_BlockingMask:
    serializedVersion: 2
    m_Bits: 4294967295
--- !u!114 &974710154
MonoBehaviour:
  m_ObjectHideFlags: 0
  m_PrefabParentObject: {fileID: 11479154, guid: feac37e2445a10041b9850643ca65eed,
    type: 2}
  m_PrefabInternal: {fileID: 78079734}
  m_GameObject: {fileID: 974710151}
  m_Enabled: 1
  m_EditorHideFlags: 0
  m_Script: {fileID: 1980459831, guid: f5f67c52d1564df4a8936ccd202a3bd8, type: 3}
  m_Name: 
  m_EditorClassIdentifier: 
  m_UiScaleMode: 0
  m_ReferencePixelsPerUnit: 100
  m_ScaleFactor: 1
  m_ReferenceResolution: {x: 800, y: 600}
  m_ScreenMatchMode: 0
  m_MatchWidthOrHeight: 0
  m_PhysicalUnit: 3
  m_FallbackScreenDPI: 96
  m_DefaultSpriteDPI: 96
  m_DynamicPixelsPerUnit: 1
--- !u!223 &974710155
Canvas:
  m_ObjectHideFlags: 0
  m_PrefabParentObject: {fileID: 22379152, guid: feac37e2445a10041b9850643ca65eed,
    type: 2}
  m_PrefabInternal: {fileID: 78079734}
  m_GameObject: {fileID: 974710151}
  m_Enabled: 1
  serializedVersion: 2
  m_RenderMode: 1
  m_Camera: {fileID: 1891079072}
  m_PlaneDistance: .200000003
  m_PixelPerfect: 0
  m_ReceivesEvents: 1
  m_OverrideSorting: 0
  m_OverridePixelPerfect: 0
  m_SortingLayerID: 2709823879
  m_SortingOrder: 0
--- !u!1 &1049433883
GameObject:
  m_ObjectHideFlags: 0
  m_PrefabParentObject: {fileID: 100002, guid: 9d4133d5d30b644bd87802a347eaccbe, type: 2}
  m_PrefabInternal: {fileID: 1803077723}
  serializedVersion: 4
  m_Component:
  - 4: {fileID: 1049433890}
  - 143: {fileID: 1049433889}
  - 114: {fileID: 1049433888}
  - 114: {fileID: 1049433887}
  - 114: {fileID: 1049433886}
  - 114: {fileID: 1049433885}
  - 114: {fileID: 1049433884}
  - 54: {fileID: 1049433891}
  m_Layer: 0
  m_Name: First Person Controller
  m_TagString: Player
  m_Icon: {fileID: 0}
  m_NavMeshLayer: 0
  m_StaticEditorFlags: 0
  m_IsActive: 0
--- !u!114 &1049433884
MonoBehaviour:
  m_ObjectHideFlags: 0
  m_PrefabParentObject: {fileID: 11416480, guid: 9d4133d5d30b644bd87802a347eaccbe,
    type: 2}
  m_PrefabInternal: {fileID: 1803077723}
  m_GameObject: {fileID: 1049433883}
  m_Enabled: 0
  m_EditorHideFlags: 0
  m_Script: {fileID: 11500000, guid: 781fcbc16c3f38c4d8be5c83f04d7c3e, type: 3}
  m_Name: 
  m_EditorClassIdentifier: 
  IsGravity: 0
  IsInvertedLook: 0
  IsInvertedAxis: 0
  IsShake: 0
  isControls: 0
  DragonNInput: 2.5
  DragonInput: 2
  Speed: 10
  JumpStrength: 0
  Forwards: 0
  Backwards: 0
  Left: 0
  Right: 0
  PlayerCollider: {fileID: 0}
  IsTechno: 0
--- !u!114 &1049433885
MonoBehaviour:
  m_ObjectHideFlags: 0
  m_PrefabParentObject: {fileID: 11482680, guid: 9d4133d5d30b644bd87802a347eaccbe,
    type: 2}
  m_PrefabInternal: {fileID: 1803077723}
  m_GameObject: {fileID: 1049433883}
  m_Enabled: 1
  m_EditorHideFlags: 0
  m_Script: {fileID: 11500000, guid: f2dad13fce38cda43af04245d729581f, type: 3}
  m_Name: 
  m_EditorClassIdentifier: 
  from: {fileID: 486584, guid: b31fa1dd35861a246a00499f9d11a47d, type: 2}
  to: {fileID: 400016, guid: 406224c800943a54ea2b08e4494e0129, type: 2}
  speed: 1
  wake: 0
  mouseLook: {fileID: 0}
--- !u!114 &1049433886
MonoBehaviour:
  m_ObjectHideFlags: 0
  m_PrefabParentObject: {fileID: 11400004, guid: 9d4133d5d30b644bd87802a347eaccbe,
    type: 2}
  m_PrefabInternal: {fileID: 1803077723}
  m_GameObject: {fileID: 1049433883}
  m_Enabled: 0
  m_EditorHideFlags: 0
  m_Script: {fileID: 11500000, guid: 60bca8f58a0b8478e946e6e86658cb29, type: 3}
  m_Name: 
  m_EditorClassIdentifier: 
--- !u!114 &1049433887
MonoBehaviour:
  m_ObjectHideFlags: 0
  m_PrefabParentObject: {fileID: 11400002, guid: 9d4133d5d30b644bd87802a347eaccbe,
    type: 2}
  m_PrefabInternal: {fileID: 1803077723}
  m_GameObject: {fileID: 1049433883}
  m_Enabled: 0
  m_EditorHideFlags: 0
  m_Script: {fileID: 11500000, guid: 0ab79d7f243824f5d9826bd83522c8df, type: 3}
  m_Name: 
  m_EditorClassIdentifier: 
  canControl: 1
  useFixedUpdate: 1
  movement:
    maxForwardSpeed: 6
    maxSidewaysSpeed: 6
    maxBackwardsSpeed: 6
    slopeSpeedMultiplier:
      serializedVersion: 2
      m_Curve:
      - time: -90
        value: 1
        inSlope: 0
        outSlope: 0
        tangentMode: 0
      - time: 0
        value: 1
        inSlope: 0
        outSlope: 0
        tangentMode: 0
      - time: 90
        value: 0
        inSlope: 0
        outSlope: 0
        tangentMode: 0
      m_PreInfinity: 2
      m_PostInfinity: 2
    maxGroundAcceleration: 20
    maxAirAcceleration: 15
    gravity: 20
    maxFallSpeed: 20
  jumping:
    enabled: 1
    baseHeight: 1
    extraHeight: 1
    perpAmount: 0
    steepPerpAmount: .5
  movingPlatform:
    enabled: 1
    movementTransfer: 2
  sliding:
    enabled: 1
    slidingSpeed: 10
    sidewaysControl: 1
    speedControl: .400000006
--- !u!114 &1049433888
MonoBehaviour:
  m_ObjectHideFlags: 0
  m_PrefabParentObject: {fileID: 11400000, guid: 9d4133d5d30b644bd87802a347eaccbe,
    type: 2}
  m_PrefabInternal: {fileID: 1803077723}
  m_GameObject: {fileID: 1049433883}
  m_Enabled: 1
  m_EditorHideFlags: 0
  m_Script: {fileID: 11500000, guid: 68ec2fe99d1108b9d0006a298d76c639, type: 3}
  m_Name: 
  m_EditorClassIdentifier: 
  axes: 1
  sensitivityX: 3
  sensitivityY: 0
  minimumX: -360
  maximumX: 360
  minimumY: 0
  maximumY: 0
--- !u!143 &1049433889
CharacterController:
  m_ObjectHideFlags: 0
  m_PrefabParentObject: {fileID: 14300000, guid: 9d4133d5d30b644bd87802a347eaccbe,
    type: 2}
  m_PrefabInternal: {fileID: 1803077723}
  m_GameObject: {fileID: 1049433883}
  serializedVersion: 2
  m_Height: 3.79999995
  m_Radius: .400000006
  m_SlopeLimit: 45
  m_StepOffset: .400000006
  m_SkinWidth: .0500000007
  m_MinMoveDistance: 0
  m_Center: {x: 0, y: 0, z: 0}
--- !u!4 &1049433890
Transform:
  m_ObjectHideFlags: 0
  m_PrefabParentObject: {fileID: 400002, guid: 9d4133d5d30b644bd87802a347eaccbe, type: 2}
  m_PrefabInternal: {fileID: 1803077723}
  m_GameObject: {fileID: 1049433883}
  m_LocalRotation: {x: -.5, y: -.5, z: -.5, w: .5}
  m_LocalPosition: {x: -12.8299999, y: 4.40999985, z: -11.5100002}
  m_LocalScale: {x: 1, y: 1, z: 1}
  m_Children:
  - {fileID: 348446079}
  - {fileID: 1770609944}
  m_Father: {fileID: 0}
  m_RootOrder: 2
--- !u!54 &1049433891
Rigidbody:
  m_ObjectHideFlags: 0
  m_PrefabParentObject: {fileID: 5406234, guid: 9d4133d5d30b644bd87802a347eaccbe,
    type: 2}
  m_PrefabInternal: {fileID: 1803077723}
  m_GameObject: {fileID: 1049433883}
  serializedVersion: 2
  m_Mass: 1
  m_Drag: 0
  m_AngularDrag: .0500000007
  m_UseGravity: 0
  m_IsKinematic: 0
  m_Interpolate: 0
  m_Constraints: 0
  m_CollisionDetection: 0
--- !u!1001 &1109255651
Prefab:
  m_ObjectHideFlags: 0
  serializedVersion: 2
  m_Modification:
    m_TransformParent: {fileID: 870160807}
    m_Modifications:
    - target: {fileID: 448926, guid: 2d2c06760cda3fe4e8b3dc6cd0c3d6ba, type: 2}
      propertyPath: m_LocalPosition.x
      value: 0
      objectReference: {fileID: 0}
    - target: {fileID: 448926, guid: 2d2c06760cda3fe4e8b3dc6cd0c3d6ba, type: 2}
      propertyPath: m_LocalPosition.y
      value: 0
      objectReference: {fileID: 0}
    - target: {fileID: 448926, guid: 2d2c06760cda3fe4e8b3dc6cd0c3d6ba, type: 2}
      propertyPath: m_LocalPosition.z
      value: 0
      objectReference: {fileID: 0}
    - target: {fileID: 448926, guid: 2d2c06760cda3fe4e8b3dc6cd0c3d6ba, type: 2}
      propertyPath: m_LocalRotation.x
      value: 0
      objectReference: {fileID: 0}
    - target: {fileID: 448926, guid: 2d2c06760cda3fe4e8b3dc6cd0c3d6ba, type: 2}
      propertyPath: m_LocalRotation.y
      value: 0
      objectReference: {fileID: 0}
    - target: {fileID: 448926, guid: 2d2c06760cda3fe4e8b3dc6cd0c3d6ba, type: 2}
      propertyPath: m_LocalRotation.z
      value: 0
      objectReference: {fileID: 0}
    - target: {fileID: 448926, guid: 2d2c06760cda3fe4e8b3dc6cd0c3d6ba, type: 2}
      propertyPath: m_LocalRotation.w
      value: 1
      objectReference: {fileID: 0}
    - target: {fileID: 448926, guid: 2d2c06760cda3fe4e8b3dc6cd0c3d6ba, type: 2}
      propertyPath: m_RootOrder
      value: 1
      objectReference: {fileID: 0}
    m_RemovedComponents: []
  m_ParentPrefab: {fileID: 100100000, guid: 2d2c06760cda3fe4e8b3dc6cd0c3d6ba, type: 2}
  m_RootGameObject: {fileID: 2091374692}
  m_IsPrefabParent: 0
  m_IsExploded: 1
--- !u!1 &1138949518
GameObject:
  m_ObjectHideFlags: 0
  m_PrefabParentObject: {fileID: 168736, guid: d8a1e4ce93fdf3643a10a6a19ab8f606, type: 2}
  m_PrefabInternal: {fileID: 212909742}
  serializedVersion: 4
  m_Component:
  - 4: {fileID: 1138949519}
  - 33: {fileID: 1138949522}
  - 23: {fileID: 1138949521}
  - 95: {fileID: 1138949520}
  m_Layer: 0
  m_Name: pillow
  m_TagString: Untagged
  m_Icon: {fileID: 0}
  m_NavMeshLayer: 0
  m_StaticEditorFlags: 0
  m_IsActive: 1
--- !u!4 &1138949519
Transform:
  m_ObjectHideFlags: 0
  m_PrefabParentObject: {fileID: 468736, guid: d8a1e4ce93fdf3643a10a6a19ab8f606, type: 2}
  m_PrefabInternal: {fileID: 212909742}
  m_GameObject: {fileID: 1138949518}
  m_LocalRotation: {x: 0, y: 0, z: -.707106829, w: .707106829}
  m_LocalPosition: {x: -.010570717, y: .0205999985, z: .0272414032}
  m_LocalScale: {x: .00699999789, y: .00744416844, z: .0443349741}
  m_Children: []
  m_Father: {fileID: 291800567}
  m_RootOrder: 0
--- !u!95 &1138949520
Animator:
  serializedVersion: 3
  m_ObjectHideFlags: 0
  m_PrefabParentObject: {fileID: 9568736, guid: d8a1e4ce93fdf3643a10a6a19ab8f606,
    type: 2}
  m_PrefabInternal: {fileID: 212909742}
  m_GameObject: {fileID: 1138949518}
  m_Enabled: 1
  m_Avatar: {fileID: 9000000, guid: 788d0ff1fe37c4141a14cbf8e773b2cc, type: 3}
  m_Controller: {fileID: 0}
  m_CullingMode: 0
  m_UpdateMode: 0
  m_ApplyRootMotion: 1
  m_HasTransformHierarchy: 1
  m_AllowConstantClipSamplingOptimization: 1
--- !u!23 &1138949521
Renderer:
  m_ObjectHideFlags: 0
  m_PrefabParentObject: {fileID: 2368736, guid: d8a1e4ce93fdf3643a10a6a19ab8f606,
    type: 2}
  m_PrefabInternal: {fileID: 212909742}
  m_GameObject: {fileID: 1138949518}
  m_Enabled: 1
  m_CastShadows: 1
  m_ReceiveShadows: 1
  m_LightmapIndex: 255
  m_LightmapTilingOffset: {x: 1, y: 1, z: 0, w: 0}
  m_Materials:
  - {fileID: 2100000, guid: 9f2c3e129732ff04c81bf9b738c12c9a, type: 2}
  m_SubsetIndices: 
  m_StaticBatchRoot: {fileID: 0}
  m_UseLightProbes: 0
  m_LightProbeAnchor: {fileID: 0}
  m_ScaleInLightmap: 1
  m_SortingLayerID: 0
  m_SortingOrder: 0
--- !u!33 &1138949522
MeshFilter:
  m_ObjectHideFlags: 0
  m_PrefabParentObject: {fileID: 3368736, guid: d8a1e4ce93fdf3643a10a6a19ab8f606,
    type: 2}
  m_PrefabInternal: {fileID: 212909742}
  m_GameObject: {fileID: 1138949518}
  m_Mesh: {fileID: 4300000, guid: 788d0ff1fe37c4141a14cbf8e773b2cc, type: 3}
--- !u!1 &1262692834
GameObject:
  m_ObjectHideFlags: 0
  m_PrefabParentObject: {fileID: 113826, guid: 67accc2bfca874944b5f108e5b84e6f9, type: 2}
  m_PrefabInternal: {fileID: 1816696539}
  serializedVersion: 4
  m_Component:
  - 4: {fileID: 1262692839}
  - 33: {fileID: 1262692838}
  - 135: {fileID: 1262692837}
  - 23: {fileID: 1262692836}
  - 114: {fileID: 1262692835}
  m_Layer: 0
  m_Name: AudioTrig
  m_TagString: Untagged
  m_Icon: {fileID: 0}
  m_NavMeshLayer: 0
  m_StaticEditorFlags: 0
  m_IsActive: 1
--- !u!114 &1262692835
MonoBehaviour:
  m_ObjectHideFlags: 0
  m_PrefabParentObject: {fileID: 11413826, guid: 67accc2bfca874944b5f108e5b84e6f9,
    type: 2}
  m_PrefabInternal: {fileID: 1816696539}
  m_GameObject: {fileID: 1262692834}
  m_Enabled: 1
  m_EditorHideFlags: 0
  m_Script: {fileID: 11500000, guid: f357231bdf05df542bf54fe101e901c0, type: 3}
  m_Name: 
  m_EditorClassIdentifier: 
  au: {fileID: 8227592, guid: e7b50a1400076d54a9465fa52cd7eee5, type: 2}
  isDone: 0
--- !u!23 &1262692836
Renderer:
  m_ObjectHideFlags: 0
  m_PrefabParentObject: {fileID: 2313826, guid: 67accc2bfca874944b5f108e5b84e6f9,
    type: 2}
  m_PrefabInternal: {fileID: 1816696539}
  m_GameObject: {fileID: 1262692834}
  m_Enabled: 0
  m_CastShadows: 1
  m_ReceiveShadows: 1
  m_LightmapIndex: 255
  m_LightmapTilingOffset: {x: 1, y: 1, z: 0, w: 0}
  m_Materials:
  - {fileID: 10302, guid: 0000000000000000f000000000000000, type: 0}
  m_SubsetIndices: 
  m_StaticBatchRoot: {fileID: 0}
  m_UseLightProbes: 0
  m_LightProbeAnchor: {fileID: 0}
  m_ScaleInLightmap: 1
  m_SortingLayerID: 0
  m_SortingOrder: 0
--- !u!135 &1262692837
SphereCollider:
  m_ObjectHideFlags: 0
  m_PrefabParentObject: {fileID: 13513826, guid: 67accc2bfca874944b5f108e5b84e6f9,
    type: 2}
  m_PrefabInternal: {fileID: 1816696539}
  m_GameObject: {fileID: 1262692834}
  m_Material: {fileID: 0}
  m_IsTrigger: 1
  m_Enabled: 1
  serializedVersion: 2
  m_Radius: 5
  m_Center: {x: 0, y: 0, z: 0}
--- !u!33 &1262692838
MeshFilter:
  m_ObjectHideFlags: 0
  m_PrefabParentObject: {fileID: 3313826, guid: 67accc2bfca874944b5f108e5b84e6f9,
    type: 2}
  m_PrefabInternal: {fileID: 1816696539}
  m_GameObject: {fileID: 1262692834}
  m_Mesh: {fileID: 10207, guid: 0000000000000000e000000000000000, type: 0}
--- !u!4 &1262692839
Transform:
  m_ObjectHideFlags: 0
  m_PrefabParentObject: {fileID: 413826, guid: 67accc2bfca874944b5f108e5b84e6f9, type: 2}
  m_PrefabInternal: {fileID: 1816696539}
  m_GameObject: {fileID: 1262692834}
  m_LocalRotation: {x: 0, y: 0, z: 0, w: 1}
  m_LocalPosition: {x: -7.32000017, y: .819999993, z: -6.5}
  m_LocalScale: {x: 1, y: 1, z: 1}
  m_Children: []
  m_Father: {fileID: 0}
  m_RootOrder: 13
--- !u!1 &1382983936
GameObject:
  m_ObjectHideFlags: 0
  m_PrefabParentObject: {fileID: 140094, guid: 303ed8a3f65dbd54189cf91823a86266, type: 2}
  m_PrefabInternal: {fileID: 0}
  serializedVersion: 4
  m_Component:
  - 4: {fileID: 1382983940}
  - 33: {fileID: 1382983939}
  - 23: {fileID: 1382983938}
  - 95: {fileID: 1382983937}
  - 65: {fileID: 1382983941}
  m_Layer: 0
  m_Name: night table
  m_TagString: Untagged
  m_Icon: {fileID: 0}
  m_NavMeshLayer: 0
  m_StaticEditorFlags: 0
  m_IsActive: 1
--- !u!95 &1382983937
Animator:
  serializedVersion: 3
  m_ObjectHideFlags: 0
  m_PrefabParentObject: {fileID: 9540090, guid: 303ed8a3f65dbd54189cf91823a86266,
    type: 2}
  m_PrefabInternal: {fileID: 0}
  m_GameObject: {fileID: 1382983936}
  m_Enabled: 1
  m_Avatar: {fileID: 9000000, guid: f205a42aafdc9ab419b38d84a16d5cc7, type: 3}
  m_Controller: {fileID: 0}
  m_CullingMode: 0
  m_UpdateMode: 0
  m_ApplyRootMotion: 1
  m_HasTransformHierarchy: 1
  m_AllowConstantClipSamplingOptimization: 1
--- !u!23 &1382983938
Renderer:
  m_ObjectHideFlags: 0
  m_PrefabParentObject: {fileID: 2340090, guid: 303ed8a3f65dbd54189cf91823a86266,
    type: 2}
  m_PrefabInternal: {fileID: 0}
  m_GameObject: {fileID: 1382983936}
  m_Enabled: 1
  m_CastShadows: 1
  m_ReceiveShadows: 1
  m_LightmapIndex: 255
  m_LightmapTilingOffset: {x: 1, y: 1, z: 0, w: 0}
  m_Materials:
  - {fileID: 2100000, guid: 6f98190c134899f4a88c4ba28d02193d, type: 2}
  m_SubsetIndices: 
  m_StaticBatchRoot: {fileID: 0}
  m_UseLightProbes: 0
  m_LightProbeAnchor: {fileID: 0}
  m_ScaleInLightmap: 1
  m_SortingLayerID: 0
  m_SortingOrder: 0
--- !u!33 &1382983939
MeshFilter:
  m_ObjectHideFlags: 0
  m_PrefabParentObject: {fileID: 3340090, guid: 303ed8a3f65dbd54189cf91823a86266,
    type: 2}
  m_PrefabInternal: {fileID: 0}
  m_GameObject: {fileID: 1382983936}
  m_Mesh: {fileID: 4300000, guid: f205a42aafdc9ab419b38d84a16d5cc7, type: 3}
--- !u!4 &1382983940
Transform:
  m_ObjectHideFlags: 0
  m_PrefabParentObject: {fileID: 440094, guid: 303ed8a3f65dbd54189cf91823a86266, type: 2}
  m_PrefabInternal: {fileID: 0}
  m_GameObject: {fileID: 1382983936}
  m_LocalRotation: {x: -.707106829, y: 0, z: 0, w: .707106829}
  m_LocalPosition: {x: 10.8000002, y: .0500000007, z: 11.8199997}
  m_LocalScale: {x: 2, y: 2, z: 2}
  m_Children: []
  m_Father: {fileID: 0}
  m_RootOrder: 9
--- !u!65 &1382983941
BoxCollider:
  m_ObjectHideFlags: 0
  m_PrefabParentObject: {fileID: 0}
  m_PrefabInternal: {fileID: 0}
  m_GameObject: {fileID: 1382983936}
  m_Material: {fileID: 0}
  m_IsTrigger: 0
  m_Enabled: 1
  serializedVersion: 2
  m_Size: {x: 1, y: 1.00000024, z: .628280163}
  m_Center: {x: 0, y: 0, z: .315329075}
--- !u!1 &1402405865
GameObject:
  m_ObjectHideFlags: 0
  m_PrefabParentObject: {fileID: 140084, guid: 303ed8a3f65dbd54189cf91823a86266, type: 2}
  m_PrefabInternal: {fileID: 0}
  serializedVersion: 4
  m_Component:
  - 4: {fileID: 1402405869}
  - 33: {fileID: 1402405868}
  - 23: {fileID: 1402405867}
  - 95: {fileID: 1402405866}
  - 65: {fileID: 1402405870}
  m_Layer: 0
  m_Name: Window
  m_TagString: Untagged
  m_Icon: {fileID: 0}
  m_NavMeshLayer: 0
  m_StaticEditorFlags: 0
  m_IsActive: 1
--- !u!95 &1402405866
Animator:
  serializedVersion: 3
  m_ObjectHideFlags: 0
  m_PrefabParentObject: {fileID: 9540082, guid: 303ed8a3f65dbd54189cf91823a86266,
    type: 2}
  m_PrefabInternal: {fileID: 0}
  m_GameObject: {fileID: 1402405865}
  m_Enabled: 1
  m_Avatar: {fileID: 9000000, guid: 3f087d5c6e81ebc43947eb890acd8a71, type: 3}
  m_Controller: {fileID: 0}
  m_CullingMode: 0
  m_UpdateMode: 0
  m_ApplyRootMotion: 1
  m_HasTransformHierarchy: 1
  m_AllowConstantClipSamplingOptimization: 1
--- !u!23 &1402405867
Renderer:
  m_ObjectHideFlags: 0
  m_PrefabParentObject: {fileID: 2340082, guid: 303ed8a3f65dbd54189cf91823a86266,
    type: 2}
  m_PrefabInternal: {fileID: 0}
  m_GameObject: {fileID: 1402405865}
  m_Enabled: 1
  m_CastShadows: 1
  m_ReceiveShadows: 1
  m_LightmapIndex: 255
  m_LightmapTilingOffset: {x: 1, y: 1, z: 0, w: 0}
  m_Materials:
  - {fileID: 2100000, guid: 089f687ca36135742a719ce87f67ef35, type: 2}
  m_SubsetIndices: 
  m_StaticBatchRoot: {fileID: 0}
  m_UseLightProbes: 0
  m_LightProbeAnchor: {fileID: 0}
  m_ScaleInLightmap: 1
  m_SortingLayerID: 0
  m_SortingOrder: 0
--- !u!33 &1402405868
MeshFilter:
  m_ObjectHideFlags: 0
  m_PrefabParentObject: {fileID: 3340082, guid: 303ed8a3f65dbd54189cf91823a86266,
    type: 2}
  m_PrefabInternal: {fileID: 0}
  m_GameObject: {fileID: 1402405865}
  m_Mesh: {fileID: 4300002, guid: 3f087d5c6e81ebc43947eb890acd8a71, type: 3}
--- !u!4 &1402405869
Transform:
  m_ObjectHideFlags: 0
  m_PrefabParentObject: {fileID: 440084, guid: 303ed8a3f65dbd54189cf91823a86266, type: 2}
  m_PrefabInternal: {fileID: 0}
  m_GameObject: {fileID: 1402405865}
  m_LocalRotation: {x: -.5, y: .5, z: .5, w: .5}
  m_LocalPosition: {x: 16.8299999, y: 3.31999993, z: 1.54999995}
  m_LocalScale: {x: 1, y: 1, z: 1}
  m_Children: []
  m_Father: {fileID: 0}
  m_RootOrder: 10
--- !u!65 &1402405870
BoxCollider:
  m_ObjectHideFlags: 0
  m_PrefabParentObject: {fileID: 0}
  m_PrefabInternal: {fileID: 0}
  m_GameObject: {fileID: 1402405865}
  m_Material: {fileID: 0}
  m_IsTrigger: 0
  m_Enabled: 1
  serializedVersion: 2
  m_Size: {x: 2.19975996, y: .747138977, z: 2.33952904}
  m_Center: {x: 0, y: .376430511, z: -.0698845387}
--- !u!1 &1683045982
GameObject:
  m_ObjectHideFlags: 0
  m_PrefabParentObject: {fileID: 140094, guid: 303ed8a3f65dbd54189cf91823a86266, type: 2}
  m_PrefabInternal: {fileID: 0}
  serializedVersion: 4
  m_Component:
  - 4: {fileID: 1683045986}
  - 33: {fileID: 1683045985}
  - 23: {fileID: 1683045984}
  - 95: {fileID: 1683045983}
  - 65: {fileID: 1683045987}
  m_Layer: 0
  m_Name: night table
  m_TagString: Untagged
  m_Icon: {fileID: 0}
  m_NavMeshLayer: 0
  m_StaticEditorFlags: 0
  m_IsActive: 1
--- !u!95 &1683045983
Animator:
  serializedVersion: 3
  m_ObjectHideFlags: 0
  m_PrefabParentObject: {fileID: 9540090, guid: 303ed8a3f65dbd54189cf91823a86266,
    type: 2}
  m_PrefabInternal: {fileID: 0}
  m_GameObject: {fileID: 1683045982}
  m_Enabled: 1
  m_Avatar: {fileID: 9000000, guid: f205a42aafdc9ab419b38d84a16d5cc7, type: 3}
  m_Controller: {fileID: 0}
  m_CullingMode: 0
  m_UpdateMode: 0
  m_ApplyRootMotion: 1
  m_HasTransformHierarchy: 1
  m_AllowConstantClipSamplingOptimization: 1
--- !u!23 &1683045984
Renderer:
  m_ObjectHideFlags: 0
  m_PrefabParentObject: {fileID: 2340090, guid: 303ed8a3f65dbd54189cf91823a86266,
    type: 2}
  m_PrefabInternal: {fileID: 0}
  m_GameObject: {fileID: 1683045982}
  m_Enabled: 1
  m_CastShadows: 1
  m_ReceiveShadows: 1
  m_LightmapIndex: 255
  m_LightmapTilingOffset: {x: 1, y: 1, z: 0, w: 0}
  m_Materials:
  - {fileID: 2100000, guid: 6f98190c134899f4a88c4ba28d02193d, type: 2}
  m_SubsetIndices: 
  m_StaticBatchRoot: {fileID: 0}
  m_UseLightProbes: 0
  m_LightProbeAnchor: {fileID: 0}
  m_ScaleInLightmap: 1
  m_SortingLayerID: 0
  m_SortingOrder: 0
--- !u!33 &1683045985
MeshFilter:
  m_ObjectHideFlags: 0
  m_PrefabParentObject: {fileID: 3340090, guid: 303ed8a3f65dbd54189cf91823a86266,
    type: 2}
  m_PrefabInternal: {fileID: 0}
  m_GameObject: {fileID: 1683045982}
  m_Mesh: {fileID: 4300000, guid: f205a42aafdc9ab419b38d84a16d5cc7, type: 3}
--- !u!4 &1683045986
Transform:
  m_ObjectHideFlags: 0
  m_PrefabParentObject: {fileID: 440094, guid: 303ed8a3f65dbd54189cf91823a86266, type: 2}
  m_PrefabInternal: {fileID: 0}
  m_GameObject: {fileID: 1683045982}
  m_LocalRotation: {x: -.707106829, y: 0, z: 0, w: .707106829}
  m_LocalPosition: {x: 9.26000023, y: .0500000007, z: -10.7299995}
  m_LocalScale: {x: 2, y: 2, z: 2}
  m_Children: []
  m_Father: {fileID: 0}
  m_RootOrder: 7
--- !u!65 &1683045987
BoxCollider:
  m_ObjectHideFlags: 0
  m_PrefabParentObject: {fileID: 0}
  m_PrefabInternal: {fileID: 0}
  m_GameObject: {fileID: 1683045982}
  m_Material: {fileID: 0}
  m_IsTrigger: 0
  m_Enabled: 1
  serializedVersion: 2
  m_Size: {x: 1, y: 1.00000024, z: .628280163}
  m_Center: {x: 0, y: 0, z: .315329075}
--- !u!1 &1713469824
GameObject:
  m_ObjectHideFlags: 0
  m_PrefabParentObject: {fileID: 179152, guid: feac37e2445a10041b9850643ca65eed, type: 2}
  m_PrefabInternal: {fileID: 78079734}
  serializedVersion: 4
  m_Component:
  - 4: {fileID: 1713469825}
  - 212: {fileID: 1713469826}
  m_Layer: 0
  m_Name: pause
  m_TagString: Untagged
  m_Icon: {fileID: 0}
  m_NavMeshLayer: 0
  m_StaticEditorFlags: 0
  m_IsActive: 1
--- !u!4 &1713469825
Transform:
  m_ObjectHideFlags: 0
  m_PrefabParentObject: {fileID: 479152, guid: feac37e2445a10041b9850643ca65eed, type: 2}
  m_PrefabInternal: {fileID: 78079734}
  m_GameObject: {fileID: 1713469824}
  m_LocalRotation: {x: 0, y: 0, z: 0, w: 1}
  m_LocalPosition: {x: -4, y: 6.9000001, z: 333.589996}
  m_LocalScale: {x: 1, y: 1, z: 1}
  m_Children: []
  m_Father: {fileID: 974710152}
  m_RootOrder: 0
--- !u!212 &1713469826
SpriteRenderer:
  m_ObjectHideFlags: 0
  m_PrefabParentObject: {fileID: 21279152, guid: feac37e2445a10041b9850643ca65eed,
    type: 2}
  m_PrefabInternal: {fileID: 78079734}
  m_GameObject: {fileID: 1713469824}
  m_Enabled: 1
  m_CastShadows: 0
  m_ReceiveShadows: 0
  m_LightmapIndex: 255
  m_LightmapTilingOffset: {x: 1, y: 1, z: 0, w: 0}
  m_Materials:
  - {fileID: 10754, guid: 0000000000000000e000000000000000, type: 0}
  m_SubsetIndices: 
  m_StaticBatchRoot: {fileID: 0}
  m_UseLightProbes: 0
  m_LightProbeAnchor: {fileID: 0}
  m_ScaleInLightmap: 1
  m_SortingLayerID: 0
  m_SortingOrder: 0
  m_Sprite: {fileID: 21300000, guid: d1f67b07898a0244fa4ff9005ecc5dc9, type: 3}
  m_Color: {r: 1, g: 1, b: 1, a: 1}
--- !u!1 &1770609943
GameObject:
  m_ObjectHideFlags: 0
  m_PrefabParentObject: {fileID: 100004, guid: 9d4133d5d30b644bd87802a347eaccbe, type: 2}
  m_PrefabInternal: {fileID: 1803077723}
  serializedVersion: 4
  m_Component:
  - 4: {fileID: 1770609944}
  - 20: {fileID: 1770609949}
  - 92: {fileID: 1770609948}
  - 124: {fileID: 1770609947}
  - 114: {fileID: 1770609946}
  - 81: {fileID: 1770609945}
  m_Layer: 0
  m_Name: Main Camera
  m_TagString: MainCamera
  m_Icon: {fileID: 0}
  m_NavMeshLayer: 0
  m_StaticEditorFlags: 0
  m_IsActive: 1
--- !u!4 &1770609944
Transform:
  m_ObjectHideFlags: 0
  m_PrefabParentObject: {fileID: 400004, guid: 9d4133d5d30b644bd87802a347eaccbe, type: 2}
  m_PrefabInternal: {fileID: 1803077723}
  m_GameObject: {fileID: 1770609943}
  m_LocalRotation: {x: 0, y: 0, z: 0, w: 1}
  m_LocalPosition: {x: 0, y: .907083511, z: 0}
  m_LocalScale: {x: 1, y: 1, z: 1}
  m_Children: []
  m_Father: {fileID: 1049433890}
  m_RootOrder: 1
--- !u!81 &1770609945
AudioListener:
  m_ObjectHideFlags: 0
  m_PrefabParentObject: {fileID: 8100000, guid: 9d4133d5d30b644bd87802a347eaccbe,
    type: 2}
  m_PrefabInternal: {fileID: 1803077723}
  m_GameObject: {fileID: 1770609943}
  m_Enabled: 1
--- !u!114 &1770609946
MonoBehaviour:
  m_ObjectHideFlags: 0
  m_PrefabParentObject: {fileID: 11400006, guid: 9d4133d5d30b644bd87802a347eaccbe,
    type: 2}
  m_PrefabInternal: {fileID: 1803077723}
  m_GameObject: {fileID: 1770609943}
  m_Enabled: 1
  m_EditorHideFlags: 0
  m_Script: {fileID: 11500000, guid: 68ec2fe99d1108b9d0006a298d76c639, type: 3}
  m_Name: 
  m_EditorClassIdentifier: 
  axes: 2
  sensitivityX: 3
  sensitivityY: 3
  minimumX: 0
  maximumX: 360
  minimumY: -60
  maximumY: 60
--- !u!124 &1770609947
Behaviour:
  m_ObjectHideFlags: 0
  m_PrefabParentObject: {fileID: 12400000, guid: 9d4133d5d30b644bd87802a347eaccbe,
    type: 2}
  m_PrefabInternal: {fileID: 1803077723}
  m_GameObject: {fileID: 1770609943}
  m_Enabled: 1
--- !u!92 &1770609948
Behaviour:
  m_ObjectHideFlags: 0
  m_PrefabParentObject: {fileID: 9200000, guid: 9d4133d5d30b644bd87802a347eaccbe,
    type: 2}
  m_PrefabInternal: {fileID: 1803077723}
  m_GameObject: {fileID: 1770609943}
  m_Enabled: 1
--- !u!20 &1770609949
Camera:
  m_ObjectHideFlags: 0
  m_PrefabParentObject: {fileID: 2000000, guid: 9d4133d5d30b644bd87802a347eaccbe,
    type: 2}
  m_PrefabInternal: {fileID: 1803077723}
  m_GameObject: {fileID: 1770609943}
  m_Enabled: 1
  serializedVersion: 2
  m_ClearFlags: 1
  m_BackGroundColor: {r: 0, g: 0, b: 0, a: 1}
  m_NormalizedViewPortRect:
    serializedVersion: 2
    x: 0
    y: 0
    width: 1
    height: 1
  near clip plane: .300000012
  far clip plane: 1000
  field of view: 60
  orthographic: 0
  orthographic size: 100
  m_Depth: 0
  m_CullingMask:
    serializedVersion: 2
    m_Bits: 4294967295
  m_RenderingPath: -1
  m_TargetTexture: {fileID: 0}
  m_TargetDisplay: 0
  m_HDR: 0
  m_OcclusionCulling: 1
  m_StereoConvergence: 10
  m_StereoSeparation: .0219999999
--- !u!1001 &1787348509
Prefab:
  m_ObjectHideFlags: 0
  serializedVersion: 2
  m_Modification:
    m_TransformParent: {fileID: 0}
    m_Modifications:
    - target: {fileID: 22419130, guid: 489a85301efdbfd4099a6a50289f2d7f, type: 2}
      propertyPath: m_LocalPosition.x
      value: 0
      objectReference: {fileID: 0}
    - target: {fileID: 22419130, guid: 489a85301efdbfd4099a6a50289f2d7f, type: 2}
      propertyPath: m_LocalPosition.y
      value: 0
      objectReference: {fileID: 0}
    - target: {fileID: 22419130, guid: 489a85301efdbfd4099a6a50289f2d7f, type: 2}
      propertyPath: m_LocalPosition.z
      value: -11.6899996
      objectReference: {fileID: 0}
    - target: {fileID: 22419130, guid: 489a85301efdbfd4099a6a50289f2d7f, type: 2}
      propertyPath: m_LocalRotation.x
      value: .488317341
      objectReference: {fileID: 0}
    - target: {fileID: 22419130, guid: 489a85301efdbfd4099a6a50289f2d7f, type: 2}
      propertyPath: m_LocalRotation.y
      value: -.515667379
      objectReference: {fileID: 0}
    - target: {fileID: 22419130, guid: 489a85301efdbfd4099a6a50289f2d7f, type: 2}
      propertyPath: m_LocalRotation.z
      value: -.518453717
      objectReference: {fileID: 0}
    - target: {fileID: 22419130, guid: 489a85301efdbfd4099a6a50289f2d7f, type: 2}
      propertyPath: m_LocalRotation.w
      value: -.476276398
      objectReference: {fileID: 0}
    - target: {fileID: 22419130, guid: 489a85301efdbfd4099a6a50289f2d7f, type: 2}
      propertyPath: m_RootOrder
      value: 1
      objectReference: {fileID: 0}
    - target: {fileID: 22419130, guid: 489a85301efdbfd4099a6a50289f2d7f, type: 2}
      propertyPath: m_AnchoredPosition.x
      value: -14.2600002
      objectReference: {fileID: 0}
    - target: {fileID: 22419130, guid: 489a85301efdbfd4099a6a50289f2d7f, type: 2}
      propertyPath: m_AnchoredPosition.y
      value: 1.85000002
      objectReference: {fileID: 0}
    - target: {fileID: 22419130, guid: 489a85301efdbfd4099a6a50289f2d7f, type: 2}
      propertyPath: m_SizeDelta.x
      value: 100
      objectReference: {fileID: 0}
    - target: {fileID: 22419130, guid: 489a85301efdbfd4099a6a50289f2d7f, type: 2}
      propertyPath: m_SizeDelta.y
      value: 100
      objectReference: {fileID: 0}
    - target: {fileID: 22419130, guid: 489a85301efdbfd4099a6a50289f2d7f, type: 2}
      propertyPath: m_AnchorMin.x
      value: .5
      objectReference: {fileID: 0}
    - target: {fileID: 22419130, guid: 489a85301efdbfd4099a6a50289f2d7f, type: 2}
      propertyPath: m_AnchorMin.y
      value: .5
      objectReference: {fileID: 0}
    - target: {fileID: 22419130, guid: 489a85301efdbfd4099a6a50289f2d7f, type: 2}
      propertyPath: m_AnchorMax.x
      value: .5
      objectReference: {fileID: 0}
    - target: {fileID: 22419130, guid: 489a85301efdbfd4099a6a50289f2d7f, type: 2}
      propertyPath: m_AnchorMax.y
      value: .5
      objectReference: {fileID: 0}
    - target: {fileID: 22419130, guid: 489a85301efdbfd4099a6a50289f2d7f, type: 2}
      propertyPath: m_Pivot.x
      value: .5
      objectReference: {fileID: 0}
    - target: {fileID: 22419130, guid: 489a85301efdbfd4099a6a50289f2d7f, type: 2}
      propertyPath: m_Pivot.y
      value: .5
      objectReference: {fileID: 0}
    - target: {fileID: 11419134, guid: 489a85301efdbfd4099a6a50289f2d7f, type: 2}
      propertyPath: IsShake
      value: 1
      objectReference: {fileID: 0}
    - target: {fileID: 11419134, guid: 489a85301efdbfd4099a6a50289f2d7f, type: 2}
      propertyPath: IsInvertedAxis
      value: 1
      objectReference: {fileID: 0}
    - target: {fileID: 11419134, guid: 489a85301efdbfd4099a6a50289f2d7f, type: 2}
      propertyPath: IsInvertedLook
      value: 1
      objectReference: {fileID: 0}
    - target: {fileID: 11419134, guid: 489a85301efdbfd4099a6a50289f2d7f, type: 2}
      propertyPath: JumpStrength
      value: 250
      objectReference: {fileID: 0}
    - target: {fileID: 11419132, guid: 489a85301efdbfd4099a6a50289f2d7f, type: 2}
      propertyPath: ShakeIntensity
      value: 5
      objectReference: {fileID: 0}
    m_RemovedComponents: []
  m_ParentPrefab: {fileID: 100100000, guid: 489a85301efdbfd4099a6a50289f2d7f, type: 2}
  m_RootGameObject: {fileID: 870160806}
  m_IsPrefabParent: 0
  m_IsExploded: 1
--- !u!1001 &1803077723
Prefab:
  m_ObjectHideFlags: 0
  serializedVersion: 2
  m_Modification:
    m_TransformParent: {fileID: 0}
    m_Modifications:
    - target: {fileID: 400002, guid: 9d4133d5d30b644bd87802a347eaccbe, type: 2}
      propertyPath: m_LocalPosition.x
      value: -12.8299999
      objectReference: {fileID: 0}
    - target: {fileID: 400002, guid: 9d4133d5d30b644bd87802a347eaccbe, type: 2}
      propertyPath: m_LocalPosition.y
      value: 4.40999985
      objectReference: {fileID: 0}
    - target: {fileID: 400002, guid: 9d4133d5d30b644bd87802a347eaccbe, type: 2}
      propertyPath: m_LocalPosition.z
      value: -11.5100002
      objectReference: {fileID: 0}
    - target: {fileID: 400002, guid: 9d4133d5d30b644bd87802a347eaccbe, type: 2}
      propertyPath: m_LocalRotation.x
      value: -.5
      objectReference: {fileID: 0}
    - target: {fileID: 400002, guid: 9d4133d5d30b644bd87802a347eaccbe, type: 2}
      propertyPath: m_LocalRotation.y
      value: -.5
      objectReference: {fileID: 0}
    - target: {fileID: 400002, guid: 9d4133d5d30b644bd87802a347eaccbe, type: 2}
      propertyPath: m_LocalRotation.z
      value: -.5
      objectReference: {fileID: 0}
    - target: {fileID: 400002, guid: 9d4133d5d30b644bd87802a347eaccbe, type: 2}
      propertyPath: m_LocalRotation.w
      value: .5
      objectReference: {fileID: 0}
    - target: {fileID: 400002, guid: 9d4133d5d30b644bd87802a347eaccbe, type: 2}
      propertyPath: m_RootOrder
      value: 2
      objectReference: {fileID: 0}
    - target: {fileID: 100002, guid: 9d4133d5d30b644bd87802a347eaccbe, type: 2}
      propertyPath: m_IsActive
      value: 0
      objectReference: {fileID: 0}
    m_RemovedComponents: []
  m_ParentPrefab: {fileID: 100100000, guid: 9d4133d5d30b644bd87802a347eaccbe, type: 2}
  m_RootGameObject: {fileID: 1049433883}
  m_IsPrefabParent: 0
  m_IsExploded: 1
--- !u!1001 &1816696539
Prefab:
  m_ObjectHideFlags: 0
  serializedVersion: 2
  m_Modification:
    m_TransformParent: {fileID: 0}
    m_Modifications:
    - target: {fileID: 413826, guid: 67accc2bfca874944b5f108e5b84e6f9, type: 2}
      propertyPath: m_LocalPosition.x
      value: -7.32000017
      objectReference: {fileID: 0}
    - target: {fileID: 413826, guid: 67accc2bfca874944b5f108e5b84e6f9, type: 2}
      propertyPath: m_LocalPosition.y
      value: .819999993
      objectReference: {fileID: 0}
    - target: {fileID: 413826, guid: 67accc2bfca874944b5f108e5b84e6f9, type: 2}
      propertyPath: m_LocalPosition.z
      value: -6.5
      objectReference: {fileID: 0}
    - target: {fileID: 413826, guid: 67accc2bfca874944b5f108e5b84e6f9, type: 2}
      propertyPath: m_LocalRotation.x
      value: 0
      objectReference: {fileID: 0}
    - target: {fileID: 413826, guid: 67accc2bfca874944b5f108e5b84e6f9, type: 2}
      propertyPath: m_LocalRotation.y
      value: 0
      objectReference: {fileID: 0}
    - target: {fileID: 413826, guid: 67accc2bfca874944b5f108e5b84e6f9, type: 2}
      propertyPath: m_LocalRotation.z
      value: 0
      objectReference: {fileID: 0}
    - target: {fileID: 413826, guid: 67accc2bfca874944b5f108e5b84e6f9, type: 2}
      propertyPath: m_LocalRotation.w
      value: 1
      objectReference: {fileID: 0}
    - target: {fileID: 413826, guid: 67accc2bfca874944b5f108e5b84e6f9, type: 2}
      propertyPath: m_RootOrder
      value: 13
      objectReference: {fileID: 0}
    - target: {fileID: 13513826, guid: 67accc2bfca874944b5f108e5b84e6f9, type: 2}
      propertyPath: m_Radius
      value: 5
      objectReference: {fileID: 0}
    - target: {fileID: 11413826, guid: 67accc2bfca874944b5f108e5b84e6f9, type: 2}
      propertyPath: au
      value: 
      objectReference: {fileID: 8227592, guid: e7b50a1400076d54a9465fa52cd7eee5, type: 2}
    m_RemovedComponents: []
  m_ParentPrefab: {fileID: 100100000, guid: 67accc2bfca874944b5f108e5b84e6f9, type: 2}
  m_RootGameObject: {fileID: 1262692834}
  m_IsPrefabParent: 0
  m_IsExploded: 1
--- !u!1 &1891079067
GameObject:
  m_ObjectHideFlags: 0
  m_PrefabParentObject: {fileID: 119130, guid: 489a85301efdbfd4099a6a50289f2d7f, type: 2}
  m_PrefabInternal: {fileID: 1787348509}
  serializedVersion: 4
  m_Component:
  - 4: {fileID: 1891079073}
  - 20: {fileID: 1891079072}
  - 124: {fileID: 1891079071}
  - 92: {fileID: 1891079070}
  - 81: {fileID: 1891079069}
  - 114: {fileID: 1891079068}
  m_Layer: 0
  m_Name: Camera
  m_TagString: MainCamera
  m_Icon: {fileID: 0}
  m_NavMeshLayer: 0
  m_StaticEditorFlags: 0
  m_IsActive: 1
--- !u!114 &1891079068
MonoBehaviour:
  m_ObjectHideFlags: 0
  m_PrefabParentObject: {fileID: 11419130, guid: 489a85301efdbfd4099a6a50289f2d7f,
    type: 2}
  m_PrefabInternal: {fileID: 1787348509}
  m_GameObject: {fileID: 1891079067}
  m_Enabled: 1
  m_EditorHideFlags: 0
  m_Script: {fileID: 11500000, guid: 68ec2fe99d1108b9d0006a298d76c639, type: 3}
  m_Name: 
  m_EditorClassIdentifier: 
  axes: 2
  sensitivityX: 1
  sensitivityY: 1
  minimumX: -360
  maximumX: 360
  minimumY: -60
  maximumY: 60
--- !u!81 &1891079069
AudioListener:
  m_ObjectHideFlags: 0
  m_PrefabParentObject: {fileID: 8119130, guid: 489a85301efdbfd4099a6a50289f2d7f,
    type: 2}
  m_PrefabInternal: {fileID: 1787348509}
  m_GameObject: {fileID: 1891079067}
  m_Enabled: 1
--- !u!92 &1891079070
Behaviour:
  m_ObjectHideFlags: 0
  m_PrefabParentObject: {fileID: 9219130, guid: 489a85301efdbfd4099a6a50289f2d7f,
    type: 2}
  m_PrefabInternal: {fileID: 1787348509}
  m_GameObject: {fileID: 1891079067}
  m_Enabled: 1
--- !u!124 &1891079071
Behaviour:
  m_ObjectHideFlags: 0
  m_PrefabParentObject: {fileID: 12419130, guid: 489a85301efdbfd4099a6a50289f2d7f,
    type: 2}
  m_PrefabInternal: {fileID: 1787348509}
  m_GameObject: {fileID: 1891079067}
  m_Enabled: 1
--- !u!20 &1891079072
Camera:
  m_ObjectHideFlags: 0
  m_PrefabParentObject: {fileID: 2019130, guid: 489a85301efdbfd4099a6a50289f2d7f,
    type: 2}
  m_PrefabInternal: {fileID: 1787348509}
  m_GameObject: {fileID: 1891079067}
  m_Enabled: 1
  serializedVersion: 2
  m_ClearFlags: 1
  m_BackGroundColor: {r: 0, g: 0, b: 0, a: .0196078438}
  m_NormalizedViewPortRect:
    serializedVersion: 2
    x: 0
    y: 0
    width: 1
    height: 1
  near clip plane: .25999999
  far clip plane: 300
  field of view: 60
  orthographic: 0
  orthographic size: 5
  m_Depth: 0
  m_CullingMask:
    serializedVersion: 2
    m_Bits: 4294967295
  m_RenderingPath: -1
  m_TargetTexture: {fileID: 0}
  m_TargetDisplay: 0
  m_HDR: 0
  m_OcclusionCulling: 1
  m_StereoConvergence: 10
  m_StereoSeparation: .0219999999
--- !u!4 &1891079073
Transform:
  m_ObjectHideFlags: 0
  m_PrefabParentObject: {fileID: 419130, guid: 489a85301efdbfd4099a6a50289f2d7f, type: 2}
  m_PrefabInternal: {fileID: 1787348509}
  m_GameObject: {fileID: 1891079067}
  m_LocalRotation: {x: 0, y: 0, z: 0, w: 1}
  m_LocalPosition: {x: -0, y: .799000025, z: .189999998}
  m_LocalScale: {x: 1, y: 1, z: 1}
  m_Children: []
  m_Father: {fileID: 870160807}
  m_RootOrder: 0
--- !u!1 &1893290925
GameObject:
  m_ObjectHideFlags: 0
  m_PrefabParentObject: {fileID: 170142, guid: d720621183aeffa4387346a730f37672, type: 2}
  m_PrefabInternal: {fileID: 895511039}
  serializedVersion: 4
  m_Component:
  - 4: {fileID: 1893290930}
  - 33: {fileID: 1893290929}
  - 23: {fileID: 1893290928}
  - 95: {fileID: 1893290927}
  - 64: {fileID: 1893290926}
  m_Layer: 0
  m_Name: mondrian
  m_TagString: Untagged
  m_Icon: {fileID: 0}
  m_NavMeshLayer: 0
  m_StaticEditorFlags: 0
  m_IsActive: 1
--- !u!64 &1893290926
MeshCollider:
  m_ObjectHideFlags: 0
  m_PrefabParentObject: {fileID: 0}
  m_PrefabInternal: {fileID: 0}
  m_GameObject: {fileID: 1893290925}
  m_Material: {fileID: 0}
  m_IsTrigger: 0
  m_Enabled: 1
  serializedVersion: 2
  m_SmoothSphereCollisions: 0
  m_Convex: 0
  m_Mesh: {fileID: 4300000, guid: 5891e02b5fa385246bec94847dbf6bae, type: 3}
--- !u!95 &1893290927
Animator:
  serializedVersion: 3
  m_ObjectHideFlags: 0
  m_PrefabParentObject: {fileID: 9570142, guid: d720621183aeffa4387346a730f37672,
    type: 2}
  m_PrefabInternal: {fileID: 895511039}
  m_GameObject: {fileID: 1893290925}
  m_Enabled: 1
  m_Avatar: {fileID: 9000000, guid: 5891e02b5fa385246bec94847dbf6bae, type: 3}
  m_Controller: {fileID: 0}
  m_CullingMode: 0
  m_UpdateMode: 0
  m_ApplyRootMotion: 1
  m_HasTransformHierarchy: 1
  m_AllowConstantClipSamplingOptimization: 1
--- !u!23 &1893290928
Renderer:
  m_ObjectHideFlags: 0
  m_PrefabParentObject: {fileID: 2370142, guid: d720621183aeffa4387346a730f37672,
    type: 2}
  m_PrefabInternal: {fileID: 895511039}
  m_GameObject: {fileID: 1893290925}
  m_Enabled: 1
  m_CastShadows: 1
  m_ReceiveShadows: 1
  m_LightmapIndex: 255
  m_LightmapTilingOffset: {x: 1, y: 1, z: 0, w: 0}
  m_Materials:
  - {fileID: 2100000, guid: f34df30c72a8b0c4cb84c2834bd68f87, type: 2}
  m_SubsetIndices: 
  m_StaticBatchRoot: {fileID: 0}
  m_UseLightProbes: 0
  m_LightProbeAnchor: {fileID: 0}
  m_ScaleInLightmap: 1
  m_SortingLayerID: 0
  m_SortingOrder: 0
--- !u!33 &1893290929
MeshFilter:
  m_ObjectHideFlags: 0
  m_PrefabParentObject: {fileID: 3370142, guid: d720621183aeffa4387346a730f37672,
    type: 2}
  m_PrefabInternal: {fileID: 895511039}
  m_GameObject: {fileID: 1893290925}
  m_Mesh: {fileID: 4300000, guid: 5891e02b5fa385246bec94847dbf6bae, type: 3}
--- !u!4 &1893290930
Transform:
  m_ObjectHideFlags: 0
  m_PrefabParentObject: {fileID: 470142, guid: d720621183aeffa4387346a730f37672, type: 2}
  m_PrefabInternal: {fileID: 895511039}
  m_GameObject: {fileID: 1893290925}
  m_LocalRotation: {x: -.707106829, y: 0, z: -0, w: .707106829}
  m_LocalPosition: {x: 0, y: 0, z: 0}
  m_LocalScale: {x: 3, y: 3, z: 1}
  m_Children: []
  m_Father: {fileID: 0}
  m_RootOrder: 3
--- !u!1 &2091374692
GameObject:
  m_ObjectHideFlags: 0
  m_PrefabParentObject: {fileID: 148926, guid: 2d2c06760cda3fe4e8b3dc6cd0c3d6ba, type: 2}
  m_PrefabInternal: {fileID: 1109255651}
  serializedVersion: 4
  m_Component:
  - 4: {fileID: 2091374693}
  - 108: {fileID: 2091374694}
  m_Layer: 0
  m_Name: Spotlight
  m_TagString: Untagged
  m_Icon: {fileID: 0}
  m_NavMeshLayer: 0
  m_StaticEditorFlags: 0
  m_IsActive: 1
--- !u!4 &2091374693
Transform:
  m_ObjectHideFlags: 0
  m_PrefabParentObject: {fileID: 448926, guid: 2d2c06760cda3fe4e8b3dc6cd0c3d6ba, type: 2}
  m_PrefabInternal: {fileID: 1109255651}
  m_GameObject: {fileID: 2091374692}
  m_LocalRotation: {x: 0, y: 0, z: 0, w: 1}
  m_LocalPosition: {x: 0, y: 0, z: 0}
  m_LocalScale: {x: .555555522, y: 1, z: 1}
  m_Children: []
  m_Father: {fileID: 870160807}
  m_RootOrder: 1
--- !u!108 &2091374694
Light:
  m_ObjectHideFlags: 0
  m_PrefabParentObject: {fileID: 10848926, guid: 2d2c06760cda3fe4e8b3dc6cd0c3d6ba,
    type: 2}
  m_PrefabInternal: {fileID: 1109255651}
  m_GameObject: {fileID: 2091374692}
  m_Enabled: 1
  serializedVersion: 3
  m_Type: 2
  m_Color: {r: 1, g: 1, b: 1, a: 1}
  m_Intensity: 0
  m_Range: 10
  m_SpotAngle: 30
  m_CookieSize: 10
  m_Shadows:
    m_Type: 0
    m_Resolution: -1
    m_Strength: 1
    m_Bias: .0500000007
    m_Softness: 4
    m_SoftnessFade: 1
  m_Cookie: {fileID: 0}
  m_DrawHalo: 0
  m_ActuallyLightmapped: 0
  m_Flare: {fileID: 0}
  m_RenderMode: 0
  m_CullingMask:
    serializedVersion: 2
    m_Bits: 4294967295
  m_Lightmapping: 1
  m_ShadowSamples: 1
  m_ShadowRadius: 0
  m_ShadowAngle: 0
  m_IndirectIntensity: 1
  m_AreaSize: {x: 1, y: 1}
